3008 4946
537 335 723 402 LUCANI
757 338 1074 406 PHARSALIAE

287 496 382 580 lapsa
405 518 524 561 manus
547 499 675 580 rapitur
696 500 827 582 trepida
850 500 999 584 fugiente
1021 505 1142 569 carina.

329 611 365 664 at
389 601 505 684 Magni
529 622 605 665 cum
628 611 724 684 terga
747 613 868 667 sonent
891 615 925 669 et
948 617 1084 688 pectora
1107 608 1201 684 serra,

180 716 182 720 '
286 705 508 786 permansisse
531 705 632 767 decus
655 725 770 768 sacrae
793 708 984 772 uenerabile
1007 709 1142 790 formae,

286 809 471 889 iratamque
494 808 566 871 deis
589 807 719 884 faciem,
742 810 789 872 nil
813 810 932 875 ultima
956 817 1072 876 mortis
1254 813 1319 895 665

286 932 331 974 ex
354 910 468 973 habitu
493 911 655 992 uoltuque
678 911 739 976 uiri
764 923 920 990 mutasse,
944 915 1089 980 latentur

286 1013 343 1096 qui
366 1012 509 1076 lacerum
534 1015 647 1078 uidere
670 1025 779 1097 caput.
825 1037 903 1080 nam
927 1039 1047 1082 saeuus
1070 1022 1103 1084 in
1127 1021 1200 1103 ipso

289 1116 472 1197 Septimius
494 1117 627 1180 sceleris
651 1120 758 1181 maius
781 1119 889 1183 scelus
913 1123 1042 1184 inuenit
1064 1132 1158 1186 actu:

286 1239 326 1282 ac
349 1221 468 1302 retegit
491 1241 602 1282 sacros
625 1222 729 1284 scisso
752 1223 919 1286 uelamine
942 1225 1053 1288 uoltus

287 1323 489 1386 semianimis
514 1323 639 1404 Magni,
663 1325 890 1408 spirantiaque
913 1337 1056 1410 occupat
1078 1349 1144 1406 ora,
1254 1328 1323 1410 670

286 1425 438 1508 collaque
461 1426 494 1488 in
517 1425 654 1508 obliquo
677 1427 773 1508 ponit
795 1429 988 1510 languentia
1010 1441 1162 1495 transtro.

285 1537 359 1592 tum
382 1549 502 1592 neruos
526 1549 694 1612 uenasque
717 1540 808 1594 secat
832 1531 1026 1614 nodosaque
1050 1533 1173 1616 frangit

286 1653 362 1694 ossa
385 1632 459 1694 diu:
489 1632 638 1695 nondum
663 1633 742 1696 attis
766 1645 836 1698 erat
859 1645 960 1717 caput
983 1655 1062 1698 ense
1085 1645 1201 1700 rotare.

285 1744 322 1797 at
344 1744 523 1817 postquam
547 1744 666 1798 trunco
688 1735 803 1798 ceruix
825 1737 957 1800 abscisa
980 1741 1124 1814 recessit,

286 1837 434 1900 uindicat
457 1837 520 1900 hoc
544 1837 682 1900 Pharius
705 1839 827 1901 dextra
849 1849 981 1921 gestare
1003 1841 1144 1904 satelles
1253 1842 1317 1920 675

284 1939 431 2020 degener
453 1949 553 2021 atque
576 1961 697 2023 operae
721 1942 815 2004 miles
840 1942 995 2006 Romane
1017 1943 1191 2020 secundae,

285 2041 435 2124 Pompeii
458 2043 530 2106 diro
553 2064 683 2106 sacrum
706 2053 806 2126 caput
829 2065 908 2107 ense
931 2045 1056 2120 recidis,

285 2155 322 2208 ut
345 2166 412 2209 non
436 2146 507 2228 ipse
530 2146 639 2210 seras?
683 2168 745 2229 pro
767 2147 889 2210 summi
913 2147 981 2210 sata
1004 2148 1147 2231 pudoris

284 2249 406 2330 impius
429 2260 467 2312 ut
490 2251 654 2332 Magnum
678 2260 792 2314 nosset
814 2271 906 2333 puer,
930 2251 987 2314 illa
1011 2252 1157 2314 uerenda

285 2353 417 2434 regibus
440 2353 527 2417 hirta
549 2374 647 2417 coma
669 2362 703 2417 et
725 2375 887 2436 generosa
911 2352 1020 2417 fronte
1043 2355 1164 2418 decora
1251 2353 1319 2417 680

283 2457 445 2519 caesaries
467 2475 664 2538 comprensa
687 2477 788 2519 manu
811 2465 871 2532 est,
896 2455 1083 2539 Pharioque
1105 2464 1234 2531 uerut0,

283 2558 365 2621 dum
389 2560 508 2622 uiuunt
531 2559 643 2623 uoltus
666 2569 768 2642 atque
789 2580 828 2622 os
851 2560 884 2622 in
908 2579 1077 2624 murmura
1099 2559 1236 2642 pulsant

283 2661 449 2744 singultus
472 2663 613 2740 animae,
636 2662 717 2726 dum
741 2663 869 2726 lumina
892 2663 982 2726 nuda
1005 2663 1183 2746 rigescunt,

229 2913 283 2964 662.
318 2911 427 2976 rapitur]
436 2913 468 2962 ab
477 2919 578 2978 aspectu
587 2912 674 2962 litoris.
687 2913 780 2964 Weise.
820 2913 1037 2963 neorabidoscum
1050 2919 1253 2962 rotatorecanes.

228 2979 286 3042 663.
319 2985 404 3027 soomrt
417 2978 500 3042 serra]
525 2980 643 3028 ‘resound
658 2979 719 3027 with
738 2979 781 3028 the
852 2979 909 3043 675.
932 2979 1210 3042 uo'ndo'cathocgestare]
1223 2977 1362 3042 equivaleut
1375 2986 1404 3026 to

124 3071 126 3078 ‹
196 3043 277 3093 blows
294 3043 322 3092 oi
336 3043 379 3092 the
390 3042 490 3093 sword'.
527 3044 594 3092 Oud.
609 3043 640 3093 cf.
660 3043 704 3094 Sil.
722 3043 779 3092 Ital.
820 3045 934 3092 uindicat
949 3045 991 3092 hoc
1004 3045 1165 3107 gestandum:
1184 3060 1198 3092 a
1216 3043 1353 3098 Graecism,
1368 3043 1403 3092 cs.

197 3121 205 3158 1
228 3125 275 3169 40²
291 3116 386 3172 perque
405 3109 486 3172 ipsam
505 3110 610 3173 tegimen
632 3111 780 3172 crepitantia
821 3109 885 3157 Hor.
898 3125 973 3158 carm.
987 3121 996 3158 1
1009 3109 1066 3158 xxvi
1081 3124 1142 3172 1-3
1153 3109 1345 3157 Musisamrous
1355 3110 1404 3156 tn'·

194 3174 259 3223 dissi
312 3189 372 3222 ossa.
819 3175 914 3222 sto'tiaon
925 3181 949 3222 et
959 3181 1036 3222 noetus
1047 3173 1146 3222 nodam
1153 3175 1282 3249 protensis
1292 3175 1320 3222 in
1333 3189 1404 3222 mare
1493 3205 1494 3228 i

262 3253 284 3302 5.
321 3239 429 3299 iratam]
446 3238 496 3288 ‘his
510 3237 611 3288 looloi
623 3239 780 3303 indignation
822 3240 945 3288 Creticum
952 3247 1054 3304 portare
1063 3240 1152 3288 uentis.

194 3312 220 3355 at
232 3304 274 3353 the
285 3303 368 3368 gods’.
851 3305 965 3353 Pharius
974 3304 1075 3365 satelles]
1087 3304 1103 3352 i.
1111 3320 1134 3352 e.
1147 3303 1269 3354 Achillas.

229 3371 330 3420 m'l...esr
340 3368 438 3430 habitu]
458 3369 576 3434 ‘nothing
587 3367 613 3417 in
624 3368 663 3418 his
675 3369 741 3419 mien
750 3385 780 3418 or
850 3367 907 3430 676.
939 3369 1154 3433 operaesecundae]
1167 3369 1403 3432 ‘playingasecond

195 3435 385 3485 counteuance’.
818 3433 892 3498 part',
921 3451 936 3482 a
955 3435 1087 3498 metaphor
1107 3434 1172 3483 from
1192 3435 1235 3482 the
1256 3444 1340 3497 stage3
1365 3435 1401 3482 cs.

229 3499 286 3564 669.
320 3498 451 3561 uelamine]
468 3499 508 3548 ie.
526 3499 570 3548 the
593 3507 652 3564 toga
673 3498 705 3548 he
726 3499 778 3549 had
818 3499 891 3549 Dem.
904 3499 936 3547 de
944 3501 1119 3559 corona§orr,
1129 3499 1212 3548 where
1220 3499 1403 3548 Demosthenes

193 3566 280 3615 drawn
291 3580 351 3614 over
361 3565 399 3614 his
410 3564 484 3621 head,
492 3563 523 3614 cf.
537 3564 593 3624 614.
817 3573 900 3614 taurus
906 3565 1044 3614 Aeschines
1051 3564 1111 3612 with
1120 3564 1213 3628 having
1221 3565 1286 3613 been
1296 3564 1401 3627 brought

228 3629 284 3692 670.
319 3630 427 3693 occupat]
447 3627 595 3679 ‘seizeson’.
818 3645 851 3694 up
864 3628 1164 3692 tobearporaposnon'qs.

228 3695 284 3758 671.
321 3697 350 3744 s'n
372 3695 465 3758 obliquo
486 3693 608 3756 transtro]
636 3693 778 3744 ‘crosswise
851 3693 907 3745 680.
941 3695 1020 3756 hirta]
1054 3693 1161 3743 Amarlr
1174 3692 1396 3750 osmanlinessmf.

193 3777 262 3827 upon
273 3775 289 3808 a
299 3759 402 3816 bench',
414 3759 445 3808 cl.
458 3767 516 3809 note
527 3775 561 3809 on
573 3771 582 3808 1
596 3775 649 3810 oso.
818 3759 867 3808 Ov.
886 3761 948 3808 Met.
966 3771 1019 3808 x111
1038 3762 1086 3822 850
1101 3759 1175 3808 barba
1192 3761 1261 3809 us'ros
1276 3760 1400 3823 binaeque

228 3825 283 3888 672.
312 3825 418 3888 frangit
436 3825 491 3886 diu]
515 3825 559 3873 i.e.
584 3824 666 3873 ‘lakes
684 3825 777 3888 along
817 3825 899 3873 dormi
910 3825 940 3874 in
950 3833 1047 3889 corpore
1056 3832 1125 3873 setae.

195 3893 256 3943 time
267 3891 293 3940 in
304 3889 448 3954 breaking¹.
483 3891 532 3940 See
543 3898 602 3939 note
614 3905 647 3938 on
659 3901 700 3938 vu
714 3904 769 3952 504.
849 3889 906 3940 681.
942 3889 1075 3950 manulsc.
1091 3889 1307 3954 olanEgyptian.

226 3958 282 4020 673.
318 3963 392 4020 caput
405 3971 460 4004 ense
473 3955 565 4016 rotare]
584 3956 622 4004 ‘to
637 3955 705 4018 whip
717 3955 754 4003 off
761 3970 777 4004 a
849 3955 945 4016 ueruto]
971 3955 1074 4019 ‘spear',
1099 3955 1129 4004 cf.
1156 3954 1233 4018 Verg.
1257 3955 1289 4004 G.
1309 3965 1330 4002 11
1350 3952 1397 4017 164

193 4023 259 4073 head
276 4028 302 4070 at
319 4037 334 4068 a
349 4020 453 4070 stroke'.
487 4021 552 4070 Oud.
575 4018 649 4068 refers
664 4028 691 4068 to
705 4019 775 4068 Suet.
822 4020 958 4084 Volscosque
967 4028 1074 4068 uerutos.

193 4087 274 4152 Calig.
288 4102 318 4149 3²
329 4093 398 4150 saepo
410 4086 438 4133 in
449 4092 571 4148 consqtectu
577 4085 726 4147 prandtntis
737 4085 779 4133 uel
848 4086 904 4136 682.
938 4101 963 4134 os
978 4086 1007 4133 o'n
1023 4083 1169 4145 murmura]
1188 4084 1251 4134 ‘and
1268 4083 1339 4133 while
1354 4083 1397 4132 his

192 4153 346 4202 comissantis
356 4151 432 4198 serrae
443 4151 593 4214 quaestiones
600 4157 776 4214 pertoruaenta
814 4151 922 4214 gasping
937 4150 1025 4199 breath
1040 4149 1091 4199 still
1106 4165 1192 4199 moves
1208 4150 1248 4199 his
1264 4157 1350 4214 tangue
1366 4159 1396 4198 to

192 4217 353 4274 habebantur,
364 4215 431 4263 miles
439 4215 573 4263 decollandi
579 4215 775 4280 artr'sexquo'bus·
815 4223 880 4264 uner
896 4213 1044 4264 murmurs’:
1057 4215 1163 4278 punam
1177 4215 1198 4264 is
1215 4215 1350 4280 equivalmt
1365 4222 1396 4263 to

192 4295 316 4344 cunquee
336 4279 443 4328 custodia
464 4281 546 4342 capita
567 4281 724 4343 amputabat;
741 4280 774 4330 ci.
814 4287 920 4338 mouent,
932 4281 1071 4343 impellunt.

194 4344 773 4410 1150011111.113733741ιᾰηιᾳα11111-
845 4345 902 4407 683.
935 4345 996 4394 dum
1016 4345 1117 4394 lumina
1139 4344 1220 4407 nuda]
1248 4344 1394 4395 ι1111111116
1493 4417 1494 4430 χ

193 4426 242 4460 uus
255 4417 315 4472 aper
325 4408 403 4456 taedia
416 4415 467 4456 tam
481 4425 568 4458 saeuus
579 4412 607 4458 in
619 4410 667 4470 ira,
678 4409 771 4474 sulmo'·
813 4410 930 4460 unclosed
943 4426 1000 4473 eyes
1010 4425 1053 4460 are
1063 4409 1208 4474 stiffening’.
