3080 4954
30 4317 49 4356 ἱ

353 378 623 444 GENETHLIA
630 381 724 442 CON
753 377 815 440 OF
837 379 920 439 STA
927 375 1033 439 PIUS
1254 393 1291 436 xv

80 556 194 602 exstant
203 548 265 602 eius
277 546 366 601 etalii
378 545 536 616 complures
549 555 579 599 ut
590 545 707 614 Iliacon,
721 545 891 613 Saturnalia,
901 544 1139 614 Catachthonion,
1151 545 1291 600 Silvarum

82 646 114 701 x,
134 635 281 704 tragoedia
304 634 409 690 Medea
429 632 602 702 imperfecta,
626 633 749 688 Salticae
773 633 885 688 fabulae
911 644 974 702 xtv,
1000 642 1028 688 et
1049 631 1290 704 †hippamata†¹:

80 739 167 790 prosa
182 721 310 776 oratione
324 721 353 775 in
373 721 525 775 Octavium
545 719 702 789 Sagittam²
719 728 746 774 et
764 737 816 790 pro
832 737 875 786 eo,
888 719 924 773 de
943 719 1075 774 incendio
1090 720 1176 786 urbis,
1190 720 1292 790 episto

77 809 171 862 larum
192 825 227 864 ex
248 807 425 877 Campania;
443 823 502 860 non
522 805 685 860 fastidiendi
705 807 821 876 quidem
839 822 948 873 omnes,
967 807 1038 862 tales
1057 817 1153 862 tamen
1175 817 1205 862 ut
1224 807 1290 862 belli

75 895 171 950 civilis
183 895 331 950 videantur
343 893 479 949 accessio.

133 1057 187 1128 (3)
223 1057 345 1116 Statius
361 1057 390 1112 in
406 1057 519 1128 presace
534 1067 565 1112 to
584 1057 660 1112 book
679 1069 703 1111 11
724 1055 756 1112 ol
774 1057 823 1114 the
843 1057 944 1112 Silvas
961 1075 1027 1127 says
1046 1059 1137 1112 cludit
1156 1058 1290 1112 volumen

68 1147 272 1218 genethliacon
284 1146 404 1212 Lucani,
419 1145 496 1215 quod
505 1145 590 1206 Polla
606 1145 794 1215 Argentorate,
809 1145 970 1200 clartbrr'ma
989 1163 1121 1213 uxorum,
1136 1163 1199 1200 cum
1214 1145 1290 1200 hunc

72 1235 153 1288 dcem
167 1235 248 1302 sorte
270 1248 502 1300 consecraremus,
521 1232 666 1302 imputari
687 1232 746 1284 sibi
764 1231 865 1288 voluit.
910 1249 960 1303 ego
980 1249 1036 1286 non
1049 1234 1138 1303 potui
1155 1235 1289 1286 maiorem

75 1323 158 1374 tanti
167 1321 292 1375 auctorne
307 1319 408 1374 habere
422 1321 610 1373 reverentiam
626 1335 713 1388 quam
733 1319 811 1388 quod
825 1320 924 1374 laudes
942 1321 1003 1374 er'us
1017 1320 1148 1374 dicturus
1162 1319 1288 1374 hexame-

74 1415 138 1462 tros
150 1424 223 1462 meos
233 1409 328 1462 timui.
365 1407 429 1462 The
440 1423 525 1476 poem
537 1403 575 1477 [11
589 1404 617 1478 7]
631 1407 655 1460 is
668 1423 701 1462 as
713 1406 829 1462 follows.

382 1536 490 1589 Lucani
507 1535 654 1605 proprium
672 1535 749 1589 diem
766 1535 925 1606 frequentet

328 1621 456 1692 quisquis
475 1621 595 1676 collibus
616 1621 754 1676 Isthmiae
773 1622 883 1677 Diones

328 1711 412 1765 docto
431 1719 546 1780 pectora
564 1711 723 1764 concitatus
742 1719 836 1766 oestro

327 1797 478 1867 pendentis
497 1796 569 1852 bibit
587 1797 710 1867 ungulae
728 1797 874 1868 liquorem.

327 1884 390 1954 ipsi,
409 1900 481 1954 quos
499 1900 586 1954 penes
605 1893 649 1938 est
666 1884 758 1938 honor
775 1886 905 1953 canendi,

330 1971 436 2025 vocalis
455 1970 580 2025 citharae
598 1981 724 2042 repertor
742 1972 841 2042 Arcas,

326 2069 355 2114 et
373 2067 404 2113 tu
423 2058 609 2118 Bassaridum
627 2069 735 2114 rotator
754 2061 866 2127 Euhan,

325 2155 354 2201 et
373 2146 469 2200 Paean
487 2155 516 2201 et
535 2146 680 2214 Hyantiae
698 2164 809 2202 sorores

326 2233 417 2288 laetae
435 2248 591 2302 purpureas
609 2241 712 2288 novate
730 2235 823 2302 vittas,

326 2321 435 2376 crinem
453 2321 565 2386 comite,
585 2319 793 2392 candidamque
812 2331 920 2378 vestem

324 2408 494 2480 perfundant
512 2408 634 2464 hederae
652 2410 829 2465 recentiores.

326 2497 402 2552 docti
420 2495 527 2564 largius
545 2505 700 2565 evagentur
718 2514 826 2565 amnes,

325 2593 354 2639 et
371 2583 435 2653 plus
453 2583 564 2638 Aoniae
581 2585 668 2638 virete
686 2584 781 2654 silvae,

326 2669 397 2725 etsi
415 2685 471 2739 qua
489 2678 568 2740 patet
587 2679 636 2723 aut
653 2669 731 2724 diem
750 2671 855 2741 recepit

326 2758 408 2814 sertis
425 2757 559 2812 mollibus
578 2757 723 2827 expleatur
741 2760 849 2814 umbra.

326 2854 440 2904 centum
459 2843 627 2914 Thespiacis
646 2844 735 2898 odora
753 2845 825 2901 lucis

326 2941 401 2988 stent
418 2931 519 2986 altaria
536 2932 724 3004 victimaeque
743 2943 867 3004 centum,

325 3038 396 3092 quas
416 3021 503 3074 Dirce
521 3021 598 3076 lavat
616 3031 665 3075 aut
683 3021 733 3075 alit
753 3023 915 3078 Cithaeron.

324 3111 470 3164 Lucanum
488 3110 627 3178 canimus,
644 3109 737 3165 favete
755 3111 870 3182 linguis,

322 3209 416 3254 vestra
434 3209 477 3253 est
495 3199 550 3252 ista
568 3198 640 3265 dies,
658 3197 759 3268 favete,
780 3201 889 3270 Musae,

322 3287 390 3342 dum
409 3285 457 3356 qui
476 3303 527 3340 vos
546 3287 675 3355 geminas
694 3287 758 3341 tulit
777 3305 828 3358 per
846 3299 929 3356 artes,

321 3384 350 3432 et
366 3375 479 3429 vinctae
497 3375 571 3445 pede
589 3376 667 3429 vocis
686 3385 714 3430 et
733 3376 850 3446 solutae,

324 3461 447 3516 Romani
465 3460 567 3516 colitur
584 3461 662 3516 chori
681 3463 821 3518 sacerdos.

373 3549 439 3604 felix
456 3549 512 3604 heu
530 3549 616 3604 nimis
635 3561 663 3605 et
681 3551 766 3606 beata
784 3553 875 3620 tellus,

319 3653 393 3708 quae
410 3653 517 3708 pronos
537 3637 710 3707 Hyperionis
728 3647 840 3694 meatus

322 3726 440 3781 summis
459 3725 558 3781 oceani
576 3725 657 3780 vides
674 3725 702 3779 in
723 3727 805 3781 undis

323 3813 531 3883 stridoremque
548 3823 627 3868 rotae
646 3813 775 3868 cadentis
793 3815 883 3884 audis,

321 3919 395 3973 quae
413 3901 561 3957 Tritonide
580 3901 685 3956 fertiles
704 3903 833 3958 Athenas

321 3989 423 4056 unctis,
443 3989 566 4056 Baetica,
586 4005 724 4060 provocas
744 3991 869 4060 trapetis.

322 4078 468 4131 Lucanum
486 4085 568 4146 potes
586 4076 716 4146 inputare
735 4076 836 4143 terris;

320 4165 376 4220 hoc
394 4165 457 4235 plus
476 4181 562 4235 quam
582 4165 722 4219 Senecam
740 4164 854 4218 dedisse
872 4163 979 4219 mundo

111 4239 120 4272 ³
319 4261 369 4307 aut
387 4251 498 4306 dulcem
516 4267 667 4320 generasse
688 4251 856 4306 Gallionem

155 4411 159 4417 '
177 4410 234 4451 Best
245 4419 278 4450 ets
286 4405 436 4458 tappamtat.
463 4404 642 4457 leplgrammatal
651 4405 670 4446 is
677 4404 713 4446 the
722 4403 773 4455 only
782 4403 905 4446 reasonable
914 4403 1051 4446 emendation
1060 4406 1182 4458 suggested.

150 4475 279 4519 'Tacarm
288 4473 461 4524 x11144,histrv
470 4487 501 4524 44,
