3080 4954
367 1535 410 1602 Α.
453 1533 662 1604 tueretur
697 1513 1023 1604 aureonirtes.

146 1841 197 1912 (l)
237 1841 300 1898 Life
318 1841 350 1896 oi
367 1842 463 1896 Lucan
482 1841 635 1896 attributed
654 1851 684 1896 to
703 1841 877 1898 Suetonius&

147 1983 178 2037 M
199 1982 339 2036 Annaeus
360 1979 490 2034 Lucanus
511 1979 703 2034 Cordubensis
721 1989 807 2050 poeta
825 1981 855 2035 in
875 1981 1028 2038 Pisoniana
1046 1985 1238 2042 coniuratione
1257 1988 1303 2044 de·

94 2073 250 2143 prehensus
268 2069 417 2126 brachium
436 2069 473 2124 ad
492 2069 631 2124 secandas
650 2086 738 2125 venas
757 2071 872 2125 medico·
887 2072 1015 2142 praebuit
1019 2113 1082 2130 ......
1086 2075 1178 2145 prima
1199 2077 1305 2146 ingenii

96 2160 288 2231 experimenta
302 2159 332 2213 in
350 2159 475 2214 Neronis
491 2159 623 2214 laudibus
641 2159 720 2214 dedit
737 2159 940 2230 quinquennali
959 2163 1121 2232 certamine,
1139 2164 1204 2219 dein
1224 2166 1305 2224 civile

95 2231 199 2304 bellnin
221 2249 299 2320 quod
322 2265 338 2302 a
361 2247 497 2318 Pompeio
518 2257 547 2304 et
572 2249 695 2303 Caesare
720 2257 831 2317 gestum
853 2259 896 2303 est
921 2247 1058 2318 recitavit,
1079 2261 1110 2306 ut
1131 2252 1305 2322 praefatione

96 2339 219 2409 quadam
230 2347 357 2392 aetatem
369 2348 398 2392 et
410 2337 491 2391 initia
505 2353 557 2392 sua
574 2353 639 2391 cum
657 2337 783 2407 Vergilio
801 2353 970 2407 comparans
987 2355 1073 2392 ausus
1089 2339 1126 2393 sit
1146 2339 1239 2396 dicere
1260 2345 1305 2397 ‘et

96 2435 232 2496 quantum
244 2425 316 2479 mihi
329 2433 416 2479 restat
429 2424 466 2478 ad
480 2423 607 2478 Culicem
615 2425 633 2478 ?‘
650 2424 696 2478 hic
716 2425 795 2479 initio
813 2425 1030 2492 adulescentiae,
1043 2441 1108 2480 cum
1120 2427 1157 2482 ob
1172 2428 1305 2484 infestum

96 2515 309 2570 matrimonium
326 2523 436 2584 patrem
454 2530 536 2568 suurn
552 2513 608 2566 ruri
628 2529 712 2581 agere
727 2511 891 2582 longissime
908 2513 1087 2582 cognovisset
1090 2555 1154 2569 ......
1158 2527 1306 2572 revocatus

96 2603 215 2659 Athenis
239 2621 258 2657 a
283 2604 398 2658 Nerone
422 2603 587 2672 cohortique
612 2600 768 2656 amicorum
793 2600 907 2655 additus
932 2611 1016 2672 atque
1043 2601 1129 2656 etiam
1154 2615 1307 2674 quaestura

96 2691 258 2758 honoratus,
271 2706 329 2745 non
342 2698 438 2744 tamen
455 2689 611 2761 permansit
628 2688 658 2743 in
674 2687 784 2758 gratia;
803 2687 944 2758 siquidem
961 2705 1045 2759 aegre
1062 2689 1155 2746 serens
1170 2693 1306 2748 recitante

97 2795 127 2833 se
139 2779 233 2834 subito
245 2795 281 2833 ac
294 2779 372 2833 nulla
384 2777 439 2832 nisi
455 2777 637 2848 refrigerandi
655 2777 698 2832 sui
715 2793 800 2832 causa
812 2777 920 2832 indicto
936 2788 1036 2833 senatu
1052 2779 1203 2835 recessisse
1215 2798 1307 2852 neque

97 2867 187 2921 verbis
213 2866 350 2922 adversus
373 2865 528 2937 principem
550 2881 642 2936 neque
663 2865 746 2920 iactis
767 2865 928 2920 extantibus
952 2866 1109 2936 posthaec
1132 2872 1307 2939 temperavit,

54 2971 59 2979 ·
97 2953 168 3010 adeo
186 2963 219 3009 ut
239 2953 386 3025 quondam
407 2953 436 3008 in
457 2953 566 3008 latrinis
584 2953 706 3023 publicis
726 2952 842 3008 clariore
864 2971 929 3008 cum
948 2955 1066 3024 strepitu
1087 2957 1193 3010 ventris
1211 2959 1306 3014 emissi

97 3043 308 3099 hemistichium
331 3042 454 3097 Neronis
478 3059 585 3112 magna
609 3059 809 3098 consessorum
831 3041 899 3110 iuga
918 3043 1107 3113 pronuntiarit
1132 3044 1204 3100 ‘sub
1226 3047 1307 3102 terris

97 3133 223 3188 tonuisse
235 3132 337 3203 putes’.
375 3131 425 3185 sed
437 3141 465 3185 et
479 3131 590 3186 famoso
603 3132 728 3185 carmine
741 3147 807 3185 cum
823 3131 915 3200 ipsum
933 3140 994 3184 tum
1009 3133 1222 3203 potentissimos
1237 3136 1306 3190 ami·

97 3237 194 3276 corum
213 3220 382 3290 gravissime
398 3219 542 3290 proscidit.
580 3221 618 3274 ad
634 3231 791 3275 extremum
809 3235 900 3289 paene
918 3219 1034 3290 signifer
1052 3221 1222 3278 Pisonianae
1241 3242 1307 3278 con·

96 3308 244 3363 iurationis
260 3307 389 3375 exstitit¹,
408 3308 513 3362 multus
533 3308 562 3362 in
581 3309 671 3378 gloria
689 3309 931 3378 tyrannicidarum
949 3311 1045 3380 palam
1063 3311 1255 3381 praedicanda
1274 3329 1308 3368 ac

95 3398 197 3468 plenus
214 3396 364 3464 minarum,
377 3412 467 3466 usque
484 3413 520 3452 eo
537 3397 731 3466 intemperans
750 3407 780 3452 ut
801 3397 933 3452 Caesaris
952 3407 1038 3469 caput
1058 3399 1186 3468 proximo
1206 3401 1308 3472 cuique

95 3485 222 3540 iactaret.
253 3501 351 3539 verum
364 3485 477 3540 detecta
488 3484 682 3539 coniuratione
699 3501 879 3554 nequaquam
897 3501 994 3555 parem
1011 3486 1098 3540 animi
1116 3490 1306 3542 constantiam

94 3571 250 3642 praestitit;
269 3570 352 3626 facile
369 3571 444 3625 enim
459 3571 606 3626 confessus
623 3581 651 3626 et
668 3571 705 3626 ad
718 3572 890 3626 humillimas
907 3573 1055 3628 devolutus
1070 3590 1169 3644 preces
1186 3587 1306 3631 matrem

95 3677 210 3731 quoque
233 3659 378 3714 innoxiam
403 3659 475 3715 inter
499 3659 591 3714 socios
616 3659 782 3728 nominavit,
808 3677 926 3731 sperans
953 3660 1128 3733 impietatem
1153 3663 1207 3718 sibi
1233 3665 1309 3736 apud

94 3748 269 3819 parricidam
287 3747 444 3817 principem
463 3748 645 3818 profuturam.
683 3748 834 3819 impetrato
853 3760 948 3805 autem
967 3751 1066 3806 mortis
1084 3751 1200 3808 arbitrio
1218 3753 1308 3809 libero

93 3836 242 3892 codicillos
255 3835 293 3888 ad
305 3843 416 3905 patrem
431 3836 605 3904 corrigendis
618 3835 789 3905 quibusdam
805 3838 933 3892 versibus
946 3839 1004 3893 suis
1022 3839 1154 3910 exaravit,
1168 3843 1308 3911 epulatus·

94 3941 151 3994 que
162 3925 280 3994 largiter
291 3923 409 3978 brachia
420 3925 458 3978 ad
470 3925 609 3979 secandas
619 3941 705 3980 venas
716 3925 844 3996 praebuit
857 3926 975 3982 medico.
1006 3939 1140 3998 poemata
1149 3929 1210 3984 eius
1222 3931 1308 3986 etiam

94 4012 219 4082 praelegi
241 4011 369 4079 memini,
391 4011 492 4066 confici
514 4029 580 4067 vero
602 4029 636 4067 ac
657 4013 777 4084 proponi
798 4013 909 4068 venalia
934 4029 991 4068 non
1010 4023 1121 4070 tantum
1143 4032 1262 4085 operose
1281 4025 1311 4072 et

94 4097 246 4169 diligenter
257 4099 309 4154 sed
322 4098 417 4170 inepte
429 4097 566 4170 quoque³.

133 4292 511 4346 ¹SeeGenthep3,Teuh'ell3o3
526 4302 605 4336 noter.
627 4295 680 4336 ltis
729 4297 835 4340 extantia
844 4299 869 4340 oi
875 4298 955 4340 Lucan.
983 4297 1012 4342 So
1022 4309 1057 4342 too
1066 4296 1202 4354 Genthep4.

94 4375 141 4404 nov
149 4363 260 4414 generally
268 4361 374 4405 admitted
384 4371 407 4404 to
415 4361 494 4414 belong
503 4371 525 4404 to
533 4361 654 4404 Suetonius
767 4365 776 4393 ³
790 4365 843 4408 This
852 4365 863 4407 1
874 4366 922 4408 take
931 4367 948 4408 it
957 4381 1052 4419 provesa
1060 4377 1121 4420 great
1130 4369 1222 4412 demand
1231 4369 1263 4413 sor
1272 4369 1309 4413 the

132 4431 141 4457 ¹
152 4430 206 4473 This
214 4431 233 4474 is
241 4441 280 4473 not
288 4445 317 4473 au
326 4431 436 4474 inserence
446 4431 499 4473 irom
505 4432 542 4472 the
550 4433 679 4481 Pharsalia,
730 4432 794 4474 work

95 4499 134 4542 bur
145 4499 210 4542 based
224 4514 252 4542 on
268 4499 370 4542 tradition
385 4500 469 4542 audon
484 4499 550 4542 verda
562 4501 606 4542 and
612 4500 682 4552 sacta
