3010 4944
239 333 301 410 338
573 328 757 394 LUCANI
791 325 1108 392 PHARSALIAE

325 493 487 576 quidquid
511 494 595 556 scire
619 493 715 556 licet:
745 492 874 556 steriles
898 511 959 554 nec
981 489 1063 574 legit
1086 491 1238 564 harenas,

326 605 363 660 ut
386 607 519 660 caneret
542 596 665 678 paucis,
688 597 869 678 mersitque
892 595 955 658 hoc
979 595 1116 677 puluere
1139 615 1274 659 uerum:

327 710 445 784 estque
467 700 521 764 dei
544 699 650 773 sedes,
673 700 729 764 ubi
752 709 841 762 terra
863 709 897 764 et
920 709 1043 782 pontus
1066 709 1100 764 et
1122 719 1179 763 aer

326 811 361 866 et
383 803 511 866 caelum
535 811 569 866 et
592 803 704 867 uirtus.
750 823 888 886 superos
910 804 990 885 quid
1014 804 1203 886 quaerimus
1226 801 1332 866 ultra?

328 905 479 988 Iuppiter
500 913 551 969 est
573 907 809 988 quodcumque
831 906 925 970 uides
948 907 1182 990 quodcumque
1205 908 1352 970 moueris.

327 1007 492 1090 sortilegis
515 1017 637 1090 egeant
659 1009 752 1073 dubii
776 1031 975 1093 semperque
998 1009 1116 1074 suturis
1294 1011 1348 1091 581

327 1114 459 1176 casibus
481 1114 662 1196 ancipites:
693 1133 746 1178 me
771 1134 845 1178 non·
860 1115 996 1179 oracula
1019 1124 1156 1192 certum,

327 1217 385 1279 sed
410 1237 499 1279 mors
521 1225 612 1280 certa
635 1215 722 1281 lacit.
768 1219 892 1300 pauido
915 1217 1059 1301 fortique
1082 1217 1272 1282 cadendum
1294 1229 1354 1283 est:

327 1321 392 1385 hoe
414 1321 496 1383 satis
518 1329 570 1383 est
593 1322 720 1384 dixisse
744 1321 870 1386 Iouem.
915 1321 962 1384 sic
985 1319 1040 1385 ille
1064 1322 1234 1405 profatur:

328 1433 525 1505 seruataque
548 1423 614 1487 fide
637 1423 755 1506 templi
778 1423 921 1487 discedit
944 1423 987 1486 ab
1011 1424 1075 1488 aris
1296 1425 1351 1503 585

328 1547 396 1590 non
419 1526 633 1610 exploratum
656 1525 788 1610 populis
814 1526 1009 1590 Hammona
1031 1527 1230 1610 relinquens.

372 1633 444 1714 ipse
467 1651 568 1694 manu
592 1652 652 1696 sua
675 1631 743 1714 pila
765 1651 882 1714 gerens
905 1633 1075 1714 praecedit
1097 1631 1206 1696 anheli

332 1736 446 1799 militis
470 1757 528 1799 ora
551 1735 673 1818 pedes:
705 1745 870 1798 monstrat
893 1735 1037 1799 tolerare
1060 1734 1198 1812 labores

330 1859 397 1904 non
422 1840 530 1903 iubet:
560 1847 595 1902 et
617 1838 709 1902 nulla
731 1839 863 1902 uehitur
885 1839 1013 1902 ceruice
1036 1839 1175 1922 supinus

329 1953 556 2026 carpentoque
579 1943 706 2008 sedens.
751 1943 861 2006 somni
884 1941 1097 2025 parcissimus
1120 1943 1191 2025 ipse
1213 1951 1273 2017 est,
1299 1957 1358 2022 590

330 2045 466 2110 ultimus
490 2046 627 2110 haustor
649 2067 764 2129 aquae.
810 2065 886 2108 cum
909 2045 1048 2110 tandem
1071 2045 1164 2110 fonte
1186 2055 1317 2129 reperto

331 2151 445 2233 indiga
468 2160 608 2214 conatur
630 2149 738 2214 laticis
761 2161 878 2234 potare
901 2151 1066 2227 iuuentus,

331 2261 398 2317 stat
421 2253 502 2316 dum
526 2253 597 2316 lixa
618 2253 721 2318 bibat.
765 2253 793 2316 si
817 2255 903 2316 ueris
927 2273 1050 2336 magna
1072 2261 1210 2336 paratur

332 2355 422 2420 fama
444 2356 541 2420 bonis
563 2365 597 2420 et
620 2357 647 2420 si
670 2377 824 2420 successu
848 2357 938 2420 nuda
961 2366 1091 2420 remoto

332 2461 506 2545 inspicitur
528 2461 642 2538 uirtus,
664 2459 827 2544 quidquid
852 2460 1027 2524 laudamus
1051 2461 1083 2523 in
1108 2459 1177 2524 ullo
1300 2475 1356 2542 595

332 2565 504 2638 maiorum,
529 2565 677 2629 Fortuna
700 2565 771 2630 suit.
816 2566 891 2648 quis
915 2565 1023 2629 Marte
1046 2565 1203 2643 secundo,

331 2669 406 2752 quis
428 2677 560 2732 tantum
585 2669 705 2732 meruit
728 2668 928 2751 populorum
952 2667 1114 2752 sanguine
1137 2667 1284 2732 nomen?

280 2793 335 2859 57⁶·
369 2795 461 2845 steriles
483 2812 525 2844 nec
545 2795 616 2860 legit]
646 2801 708 2845 ‘nor
730 2795 774 2844 did
794 2795 827 2846 he
864 2795 1051 2860 quacunquein
1060 2803 1143 2860 parte,
1156 2801 1219 2844 totus
1232 2803 1268 2845 est
1280 2803 1436 2852 senmdotus

246 2861 338 2910 choose
350 2869 393 2909 out
403 2861 472 2910 these
481 2861 569 2910 barren
581 2859 677 2910 sands'.
701 2861 756 2910 The
768 2861 826 2910 sim·
865 2863 944 2918 urhis,
964 2861 1159 2917 temerandum,
1179 2867 1244 2910 lotus
1260 2863 1366 2920 animae,
1384 2868 1437 2910 totus

248 2926 290 2990 ple
302 2925 365 2974 form
377 2926 452 2988 legere
462 2941 530 2976 more
541 2927 684 2989 commonly
699 2941 785 2976 means
800 2935 827 2976 to
864 2926 957 2986 animi,
971 2933 1036 2974 totus
1046 2926 1098 2986 sui,
1112 2925 1162 2975 and
1175 2925 1269 2975 further
1280 2942 1313 2976 on
1326 2929 1337 2982 ξ
1351 2929 1378 2976 18
1387 2927 1437 2975 drus

246 2991 309 3040 skirt
323 3005 351 3040 or
363 2997 469 3040 traverso
481 3007 509 3039 or
521 2991 572 3040 else
583 2999 610 3040 to
621 2991 708 3056 gether
720 3007 769 3055 up:
790 2991 828 3040 lor
866 3000 899 3042 est
914 2991 1017 3040 mortali
1033 2992 1125 3040 zituare
1139 2991 1277 3040 mortalem.
1311 2991 1366 3041 The
1380 3007 1436 3040 corn·
1478 2993 1479 2998 ’

247 3055 290 3105 the
299 3055 390 3104 former
401 3054 498 3116 cf.v51
504 3071 526 3118 3,
534 3071 601 3131 supr.
610 3059 650 3119 58,
658 3055 695 3106 lor
704 3056 827 3106 thelatter
865 3071 924 3105 mon
944 3057 1049 3120 reading
1065 3056 1186 3132 'retained
1205 3056 1240 3120 by
1259 3057 1326 3106 Oud
1348 3057 1369 3106 is
1388 3071 1437 3121 que-

247 3119 642 3249 manasset
661 3137 781 3186 emes
800 3129 827 3170 1⁰
864 3137 1208 3247 9111111...]
1229 3185 1258 3235 r

280 3263 336 3316 577.
370 3251 463 3311 neersil]
483 3249 603 3301 ‘buried'.
622 3251 654 3300 ci.
667 3252 715 3301 Ov.
730 3251 793 3300 Met.
807 3263 826 3300 x
864 3251 918 3300 that
930 3251 1004 3300 make
1016 3267 1056 3301 me
1066 3251 1168 3312 certain,
1184 3253 1228 3301 but
1239 3250 1282 3300 the
1293 3253 1407 3315 certainty
1417 3250 1440 3299 ol

246 3322 295 3384 498
308 3317 440 3380 mersitque
449 3331 504 3364 sum
516 3315 545 3366 in
556 3315 639 3366 cortice
650 3317 736 3366 uoltus.
863 3317 939 3366 death
946 3315 960 3366 ’.

280 3395 335 3450 579.
370 3379 475 3442 caelum]
492 3379 522 3430 cl.
536 3381 669 3446 Eucfrag.
682 3381 827 3448 Melanippa
898 3383 956 3444 585.
979 3379 1046 3458 fide]
1079 3379 1240 3446 ‘preserving
1267 3381 1310 3431 the
1338 3380 1437 3447 temple's

248 3459 261 3511 7
273 3447 360 3507 ὄμνυμι
378 3446 397 3495 δ’
417 3447 479 3507 tepor
497 3445 571 3510 αἰθέρ’
585 3449 677 3507 οἴκησιν
694 3446 754 3498 Διός.
864 3446 964 3508 credit',
978 3463 1020 3497 ne.
1032 3463 1060 3495 as
1070 3445 1102 3496 he
1114 3447 1165 3496 had
1176 3456 1220 3496 not
1238 3447 1318 3496 tested
1330 3445 1358 3496 it.

280 3511 360 3574 ultra]
390 3513 506 3576 ‘beyond
533 3511 679 3571 ourselves',
705 3513 737 3562 el.
767 3513 826 3563 Seu.
898 3511 955 3574 586.
983 3511 1094 3578 populis]
1112 3527 1146 3561 sc.
1159 3512 1287 3571 externis;
1302 3513 1391 3562 dative.

247 3578 314 3692 Epp.
335 3589 365 3627 tv
386 3577 419 3626 xii
437 3579 490 3640 (41)
507 3579 533 3638 ἐξ
557 3594 578 3636 1,
603 3593 616 3626 s
640 3593 690 3626 non
712 3585 773 3626 sunt
794 3577 830 3626 ad
898 3579 954 3641 588.
983 3573 1067 3642 pedes]
1086 3579 1131 3626 ‘on
1149 3575 1224 3626 toot'.
1241 3577 1275 3626 cl.
1294 3577 1436 3643 Verg.hen.

247 3659 288 3692 cae
297 3659 340 3691 um
357 3643 489 3692 eleuandac
509 3659 600 3692 mauris
622 3659 665 3692 nec
686 3643 828 3692 exorandus
865 3654 894 3692 vl
908 3645 1004 3692 Sssoseu
1016 3658 1072 3690 cum
1083 3642 1154 3706 pedes
1165 3642 1213 3690 iret
1224 3641 1251 3691 iu
1264 3642 1363 3692 hortm.

247 3709 363 3758 aedituus
374 3715 403 3756 ut
413 3723 457 3756 nos
464 3707 501 3756 ad
508 3724 595 3758 aurem
607 3707 745 3764 simulacri,
755 3708 829 3772 quasi
899 3709 955 3772 589.
976 3707 1078 3768 cemtce]
1094 3708 1128 3756 ‘is
1139 3715 1184 3756 not
1196 3707 1275 3757 borne
1287 3707 1402 3784 reclining
1410 3722 1435 3754 ou

248 3773 328 3836 magis
338 3773 457 3822 exaudiri
462 3773 591 3836 possimus,
605 3773 723 3822 admittat
728 3789 740 3832 ,·
751 3779 827 3836 prope
865 3771 943 3821 men's
961 3771 1090 3821 shoulders
1107 3789 1136 3822 or
1153 3771 1239 3822 seated
1255 3773 1282 3822 in
1300 3790 1316 3823 a
1333 3773 1433 3823 chanot'.

247 3839 558 3896 estatedeus‚tecumest‚
571 3839 692 3887 intusest.
721 3839 826 3894 madito,
865 3837 894 3886 cl.
917 3837 971 3886 Iuv.
996 3837 1055 3898 164
1071 3853 1127 3886 cum
1145 3838 1196 3887 rum
1218 3845 1289 3888 sexta
1308 3840 1393 3888 cortice
1403 3837 1435 3902 sc·

247 3903 350 3960 Lucili,·
375 3919 442 3952 sacer
462 3903 532 3952 intra
557 3919 601 3952 nos
626 3903 731 3968 spiritus
756 3904 824 3962 sedet,
864 3909 945 3952 ratur.

247 3969 371 4017 malonem
397 3967 563 4034 bonorumque
589 3979 729 4018 nostrorum
751 3969 827 4018 obser·
899 3981 955 4032 593.
988 3965 1061 4029 dum]
1081 3967 1134 4017 ‘till
1146 3967 1188 4019 the
1199 3967 1435 4034 camp-lolloworhrs

247 4039 354 4082 ualeret
365 4040 450 4082 custos.
865 4031 968 4084 drunk'.

280 4099 335 4160 580.
368 4097 544 4162 quodcumque]
565 4099 609 4148 ‘all
632 4099 685 4148 that
705 4114 754 4162 you
776 4115 826 4160 see,
900 4113 954 4175 594.
988 4097 1068 4160 bonis]
1091 4107 1191 4157 neuter3
1215 4100 1249 4150 'is
1272 4115 1331 4150 won
1353 4101 1383 4164 by
1397 4097 1436 4147 real

247 4163 297 4212 and
311 4163 344 4212 all
355 4179 417 4226 your
428 4163 539 4228 leelings‚
554 4163 607 4212 thar
619 4163 640 4214 is
653 4165 685 4230 Ju
706 4163 766 4214 iter'.
787 4165 828 4215 i.e.
866 4162 971 4214 merrts'.

246 4227 309 4276 both
327 4227 369 4276 the
383 4229 492 4277 external
512 4229 591 4278 world
608 4229 658 4278 and
677 4180 720 4278 tiie
733 4229 788 4278 soul
804 4229 833 4278 os
899 4229 980 4292 nuda]
996 4229 1028 4278 cf.
1042 4229 1097 4278 Iuv.
1110 4241 1128 4278 x
1141 4243 1183 4292 ¹4¹
1193 4229 1324 4293 quisenr'm
1337 4231 1436 4278 mitatem

247 4291 309 4340 each
318 4291 463 4340 individual.
475 4294 506 4342 cl.
516 4295 592 4358 Verg.
605 4295 635 4344 G.
650 4305 678 4342 tv
690 4307 826 4361 219-227,
866 4295 1024 4358 amplectitur
1031 4294 1110 4358 ipsam
1117 4294 1232 4358 praemia
1243 4296 1268 4342 ri
1276 4293 1368 4344 tollasl

250 4355 826 4420 18911111714-755Ρ1111.ΙΙ.Ν.11514
901 4358 956 4424 596.
991 4357 1436 4422 qunafia'l1‘wasFortune’‚i.e.

249 4419 361 4482 quisquis
382 4425 417 4468 est
436 4421 501 4477 deus,
523 4423 547 4471 sl
568 4424 636 4472 nrodo
658 4431 693 4474 est
710 4425 784 4485 alius,
806 4431 829 4474 et
868 4421 1426 4496 ·Ὲοη11ε’15111’,ί.ε.11111ε11111111119161.
