3080 4954
575 344 701 405 GOOD
728 347 868 407 LINES

124 511 160 553 iv
268 515 317 554 120
345 510 373 556 et
391 501 508 558 miseras
527 501 608 557 bellis
627 503 757 558 civilibus
776 503 853 576 eripe
872 513 968 562 terras.

266 590 314 659 ¹85
344 607 433 660 usque
452 591 561 647 adeone
578 591 663 648 times
681 609 766 664 quem
784 601 815 647 tu
834 593 904 649 facis
923 593 985 666 ipse
1003 594 1178 651 timendum?

263 677 315 744 284
343 677 490 748 paullatim
509 679 585 734 cadit
604 681 646 734 ira
664 679 742 736 ferox
761 689 927 751 mentesque
946 689 1101 752 tepescunt.

263 767 315 835 336
344 777 453 838 spectat
471 769 580 824 vicinos
600 769 698 826 sitiens
716 770 856 826 exercitus
873 785 980 826 amnes.

261 870 312 924 39²
343 866 370 911 et
390 857 496 912 Caesar
514 873 564 927 per
581 866 623 912 tot
642 875 695 913 sua
712 857 772 914 fata
790 857 960 930 sequendus.

264 955 312 1012 515
343 944 432 1000 vitare
450 944 587 1000 instantia
606 946 702 1002 nolim.

262 1031 312 1100 798
343 1031 461 1102 impiger
479 1033 516 1088 ad
535 1034 623 1088 letum
642 1043 670 1088 et
687 1033 769 1090 fortis
786 1033 890 1090 virtute
908 1043 1015 1090 coacta

121 1164 144 1204 v
278 1167 313 1221 34
342 1153 441 1210 ordine
458 1153 496 1211 de
513 1164 593 1210 tanto
612 1155 740 1227 quisquis
758 1173 816 1211 non
835 1157 943 1211 exsulat
962 1157 1008 1212 hic
1026 1166 1079 1212 est.

261 1253 312 1307 274
342 1241 411 1311 quid
429 1241 499 1297 satis
517 1251 561 1298 est
581 1242 604 1298 si
625 1244 718 1298 Roma
736 1244 856 1314 parum?

261 1329 312 1397 283
343 1329 379 1384 311
398 1339 509 1400 praeter
526 1331 635 1401 gladios
654 1329 769 1402 aliquod
786 1331 840 1386 sub
860 1331 983 1386 Caesare
1002 1329 1099 1386 fatum.

122 1461 157 1502 111
212 1449 311 1520 164-ς
344 1450 492 1520 vincimus,
512 1470 530 1506 o
548 1451 632 1519 socii;
657 1453 751 1508 veniet
769 1451 817 1524 qui
836 1451 960 1508 vindicet
978 1467 1058 1508 arces

343 1537 411 1592 dum
429 1539 572 1594 morimur.

260 1625 311 1680 262
341 1625 446 1696 infelix,
465 1637 571 1698 quanta
590 1628 737 1684 dominum
757 1629 860 1686 virtute
879 1629 991 1701 parasti.

121 1755 171 1798 vu
226 1747 315 1815 95-6
792 1750 886 1806 civilia
903 1751 977 1808 bella

341 1835 446 1904 gesturi
465 1845 593 1892 metuunt
611 1854 648 1892 ne
666 1855 724 1893 non
743 1855 808 1894 cum
827 1839 965 1910 sanguine
982 1840 1117 1895 vincant?

262 1936 313 1990 130
341 1921 485 1995 faciesque
504 1925 647 1980 simillima
666 1925 732 1980 fato.

262 2023 313 2080 253
344 2011 372 2066 in
391 2013 523 2068 manibus
540 2015 652 2084 vestris,
670 2026 792 2086 quantus
811 2017 847 2072 sit
867 2017 979 2084 Caesar,
998 2015 1116 2073 habetis.

203 2111 309 2166 3rr-2
340 2099 377 2168 di,
396 2117 516 2170 quorum
535 2117 617 2155 curas
636 2101 753 2158 abduxit
772 2104 809 2159 ab
828 2104 941 2160 aethere
959 2104 1042 2160 tellus

342 2189 544 2259 Romanusque
561 2189 649 2246 labor.

257 2273 308 2343 362
339 2284 400 2331 toto
417 2276 501 2330 simul
520 2276 624 2332 utimur
643 2277 717 2333 orbe.

255 2375 309 2431 734
339 2364 407 2418 dum
425 2363 538 2418 fortuna
556 2365 637 2434 calet,
658 2364 727 2420 dum
746 2363 859 2420 conficit
877 2364 975 2420 omnia
993 2373 1087 2420 terror.

115 2497 177 2539 11111
257 2500 307 2553 123
337 2494 404 2554 tota,
423 2495 560 2556 quantum
579 2487 661 2555 valet,
680 2496 758 2542 utere
779 2486 890 2560 Lesbo!

256 2573 309 2640 484
340 2575 383 2628 ius
401 2583 428 2628 et
447 2573 490 2628 fas
509 2575 613 2628 multos
631 2575 746 2642 faciunt,
768 2575 937 2644 Ptolemaee,
955 2574 1091 2630 nocentis.

203 2674 308 2731 531—3
339 2670 404 2716 ante
423 2662 514 2716 aciem
534 2661 698 2716 Emathiam
717 2662 801 2716 nullis
819 2662 990 2717 accessimus
1009 2661 1114 2716 armis:

340 2747 466 2816 Pompeii
484 2765 561 2802 nunc
580 2757 674 2802 castra
691 2748 813 2818 placent,
831 2765 904 2819 quae
923 2749 1026 2803 deserit
1044 2747 1140 2803 orbis?

337 2853 412 2890 nunc
430 2834 544 2890 victoris
563 2853 632 2906 opes
649 2846 678 2890 et
697 2836 812 2906 cognita
829 2835 888 2890 fata
906 2836 1041 2892 lacessis?

196 2927 303 2994 64ο-1
335 2926 460 2982 letiferae
478 2927 529 2981 tibi
549 2943 636 2982 causa
653 2943 750 2982 morae
769 2927 821 2980 fuit
840 2927 905 2982 avia
924 2928 1040 2994 Lesbos,

336 3024 364 3070 et
383 3013 460 3084 prior
478 3013 507 3068 in
527 3014 587 3068 Nili
606 3013 732 3084 pervenit
750 3014 833 3069 litora
852 3015 964 3070 Caesar.

112 3149 149 3191 rx
179 3149 308 3206 229-30
480 3137 526 3191 ille
544 3137 617 3192 iacet
636 3153 721 3208 quem
739 3137 803 3208 paci
821 3135 952 3206 praetulit
970 3135 1056 3203 orbis,

337 3239 478 3294 causaque
496 3233 594 3279 nostra
612 3223 691 3295 pen't.

201 3311 308 3379 246-3
339 3311 436 3366 clausa
454 3311 525 3366 fides
544 3311 663 3380 miseris,
682 3321 710 3366 et
730 3320 789 3366 toto
808 3311 884 3365 solus
903 3309 931 3364 in
950 3309 1018 3365 orbe
1037 3320 1079 3366 est

337 3399 384 3471 qui
404 3400 471 3456 velit
490 3417 524 3455 ac
543 3400 632 3472 possit
651 3399 732 3454 victis
751 3409 896 3470 praestare
915 3398 1043 3454 salutem.

202 3488 308 3559 576—7
588 3489 697 3544 steriles
716 3505 769 3543 nec
786 3489 853 3558 legit
871 3488 993 3542 harenas

338 3585 366 3630 ut
385 3585 498 3630 caneret
516 3573 623 3646 paucis,
642 3573 796 3646 mersitque
814 3575 869 3630 hoc
887 3575 1001 3646 pulvere
1019 3590 1124 3630 verum.

255 3663 308 3728 884
338 3662 470 3717 omnibus
488 3679 561 3718 unus
580 3663 660 3718 adest
679 3662 752 3718 fatis.

253 3751 307 3821 963
338 3761 366 3806 et
384 3752 505 3806 multum
523 3751 654 3806 debentis
673 3751 784 3805 vatibus
802 3751 925 3805 umbras.

238 3854 304 3911 1015
336 3853 373 3910 et,
392 3841 468 3912 quod
490 3841 583 3896 adhuc
601 3840 703 3906 nescis,
721 3857 828 3910 genero
846 3857 943 3896 secure
960 3849 1115 3910 perempto

106 3974 130 4015 x
261 3973 309 4028 105
341 3959 433 4014 voltus
450 3959 532 4014 adest
551 3959 681 4029 precibus
700 3958 842 4030 faciesque
861 3959 970 4014 incesta
987 3968 1107 4028 perorat.

204 4046 311 4114 182-3
730 4047 793 4116 quis
812 4045 923 4114 dignior
939 4061 1075 4116 umquam

337 4134 390 4189 hoc
409 4132 461 4188 fuit
480 4133 586 4201 auditu,
604 4133 759 4204 mundique
776 4133 907 4204 capacior
925 4133 1049 4203 hospes?

199 4223 309 4292 358-9
727 4219 853 4290 interque
872 4220 988 4274 maritos

336 4309 495 4363 discurrens
514 4311 663 4380 Aegypton
683 4309 768 4363 habet
789 4309 965 4376 Romamque
983 4315 1112 4362 meretur.
