2944 4948
433 335 863 422 umnuwgm.

131 497 294 582 litoraque
317 501 389 582 ipsa
411 509 504 564 tenet
526 502 730 586 tandemque
753 503 845 568 illata
868 503 999 568 carinae
1021 512 1080 568 est.

131 622 199 665 non
222 603 270 666 sic
291 601 407 666 infelix
431 603 574 686 patriam
597 614 779 690 portusque
803 605 935 690 reliquit

132 705 324 790 Hesperios,
348 707 438 770 saeui
462 717 650 791 premerent
673 730 750 782 cum
774 709 926 776 Caesaris
949 731 1050 777 arma.

130 807 199 874 fida
222 831 335 874 comes
358 812 475 896 Magni
499 814 592 878 uadit
615 815 700 878 duce
723 813 794 878 sola
817 813 932 880 relicto

132 914 396 1000 Pompeiumque
419 915 513 1000 sugit.
558 939 645 1002 quae
668 939 739 984 nox
762 919 824 992 sibi
848 919 1004 1003 proxima
1028 919 1119 984 uenit

130 1019 301 1085 insomnis.
348 1020 450 1086 uiduo
473 1030 546 1086 tum
570 1023 715 1106 primum
739 1023 859 1107 frigida
882 1023 969 1088 lecto
1103 1025 1167 1090 806

129 1133 232 1206 atque
257 1124 387 1190 insueta
408 1125 502 1208 quies
526 1127 582 1190 uni
606 1129 799 1212 nudumque
823 1129 942 1192 marito

131 1249 199 1294 non
223 1230 380 1295 haerente
403 1230 498 1298 latus.
545 1253 663 1298 somno
686 1253 787 1317 quam
811 1253 913 1316 saepe
934 1240 1075 1316 grauata

131 1335 282 1418 deceptis
306 1357 447 1401 uacuom
472 1339 627 1402 manibus
650 1338 829 1423 complexa
852 1337 961 1403 cubile
983 1347 1044 1418 est,

130 1447 234 1522 atque
256 1439 361 1504 oblita
384 1440 483 1524 fugae
506 1443 671 1526 quaesiuit
695 1453 793 1507 nocte
817 1443 983 1507 maritum.
1102 1443 1166 1506 810

131 1562 210 1606 nam
234 1541 370 1608 flamma
392 1546 545 1628 quamuis
568 1546 688 1610 tacitas
711 1554 850 1630 urgente
874 1543 1036 1610 medullas

130 1667 198 1710 non
222 1648 315 1712 iuuat
337 1649 371 1712 in
394 1658 468 1713 toto
490 1670 610 1733 corpus
633 1651 756 1715 iactare
779 1648 897 1714 cubili:

128 1761 281 1815 seruatur
303 1773 379 1835 pars
403 1751 460 1816 illa
483 1753 555 1818 tori.
600 1754 744 1818 caruisse
767 1753 909 1818 timebat

131 1853 309 1940 Pompeio:
339 1855 397 1920 sed
421 1877 487 1920 non
511 1858 621 1939 superi
644 1866 715 1922 tam
739 1855 827 1920 laeta
849 1856 1020 1940 parabant

130 1958 279 2023 instabat
301 1961 441 2024 miserae
465 1959 628 2044 Magnum
651 1982 738 2045 quae
761 1961 914 2026 redderet
936 1961 1026 2026 hora.
1102 1961 1163 2042 815

76 2164 132 2213 801.
167 2165 271 2213 carinae
281 2162 327 2228 est]
360 2165 444 2214 Weise
455 2165 477 2214 is
488 2165 518 2214 ol
527 2163 631 2230 opinion
703 2164 759 2216 806.
785 2163 899 2229 sn'gida]
932 2161 965 2213 cf.
992 2163 1042 2214 Ov.
1069 2163 1176 2214 Heroid.
1203 2176 1254 2214 xlx

46 2226 96 2278 that
117 2229 160 2278 the
179 2229 247 2279 book
267 2231 348 2280 ended
368 2230 429 2281 with
449 2231 519 2280 these
537 2231 629 2290 words,
669 2229 702 2296 69
712 2247 760 2280 cur
768 2245 809 2294 egr
820 2236 855 2279 tot
865 2230 957 2278 uiduus
967 2229 1037 2292 exegi
1037 2229 1142 2315 ,fragm
1153 2231 1246 2280 noctes?
1344 2274 1347 2286 ,

46 2294 92 2342 and
111 2295 166 2344 that
188 2295 231 2344 the
251 2295 391 2344 remainder
410 2297 431 2346 is
447 2296 575 2361 spurious:
592 2296 631 2346 his
702 2299 758 2360 807.
780 2295 889 2357 nudum]
903 2294 1029 2344 ‘deserted
1055 2295 1252 2360 ‘unprotected’.

47 2360 124 2408 words
139 2375 184 2410 are
201 2363 319 2425 ‘arguunt
335 2378 359 2409 v.
378 2363 426 2424 804
443 2360 524 2418 uadit,
542 2378 565 2409 ιι.
584 2364 630 2423 805
702 2364 758 2426 809.
787 2361 898 2426 deceptis]
909 2360 941 2410 cl.
954 2360 1003 2410 Ov.
1016 2361 1079 2410 Met.
1091 2371 1122 2409 ιιι
1134 2359 1190 2424 674,
1205 2360 1252 2424 675

45 2426 96 2486 sihi,
111 2427 160 2489 807
170 2426 276 2490 frigida
286 2428 363 2491 quies,
375 2427 468 2476 deinde
485 2427 528 2476 illa
544 2427 631 2492 inepta
669 2427 772 2492 ingemit
782 2428 891 2489 Alcyone
901 2425 1036 2475 lacrimam
1047 2432 1170 2492 mtatqus
1179 2427 1253 2476 lacer·

47 2507 69 2538 v.
81 2494 125 2540 811
140 2507 203 2540 nam
209 2493 321 2556 stamma
332 2493 377 2542 dre.
387 2509 437 2542 non
449 2493 525 2542 iuuat
536 2493 588 2554 &c.,
602 2501 629 2542 ιιι
668 2499 704 2542 tos
709 2501 756 2557 per
762 2508 885 2554 somnum,
898 2498 1120 2556 corpmquepeteus
1129 2493 1253 2558 amplecti-

46 2571 92 2604 non
104 2557 273 2607 dubitauerim
285 2564 365 2608 totum
376 2558 443 2608 hunc
457 2558 540 2608 locum
551 2557 629 2608 inclu-
667 2565 714 2608 tur
723 2574 809 2608 aurat.

46 2621 109 2678 dere,
121 2623 250 2672 adiectum
262 2624 295 2672 ab
311 2624 396 2688 aliquo
412 2623 452 2674 cui
470 2623 543 2674 nimis
561 2623 629 2673 uide·
702 2624 757 2674 811.
801 2639 861 2672 nam
884 2622 998 2688 flamma
1030 2621 1159 2686 quamuis]
1193 2621 1252 2674 licet

46 2697 108 2736 retur
119 2687 244 2752 abruptus
255 2688 312 2738 finis
323 2690 350 2738 in
361 2705 433 2739 uersu
445 2692 490 2739 801
499 2689 514 2737 ’.
668 2705 753 2738 amore
764 2697 901 2748 uexaretur,
916 2696 1000 2738 tamen
1015 2701 1067 2736 non
1078 2687 1187 2738 iactabat
1199 2703 1251 2738 cor·

75 2755 132 2816 804.
168 2754 252 2815 uadit]
265 2753 398 2820 ‘departs'.
433 2755 517 2805 Weise
534 2754 630 2819 objects
668 2770 715 2820 pus
734 2771 780 2820 per
798 2763 879 2804 totum
899 2761 989 2810 torum,
1009 2763 1037 2802 ιιι
1056 2761 1170 2803 amantes
1193 2770 1252 2818 prae

46 2827 70 2868 to
81 2819 130 2868 this
140 2835 187 2869 use
199 2819 229 2870 ol
236 2819 279 2869 the
295 2821 373 2880 word,
386 2821 431 2870 but
447 2820 479 2870 cl.
496 2832 539 2870 vu
557 2835 587 2884 33
601 2827 630 2870 tu
668 2821 783 2871 molestia
793 2835 952 2880 consueuere,
961 2819 1005 2868 sed
1017 2827 1123 2884 partem,
1132 2827 1252 2885 tanquam

46 2887 112 2932 uelut
124 2885 243 2935 Ausonia
253 2886 326 2935 uadis
337 2887 593 2936 morr'tunaesinurbe.
668 2886 689 2935 si
708 2886 746 2935 uir
770 2887 875 2942 adesset,
896 2885 1011 2934 seruabat
1033 2883 1162 2934 intactam.
1196 2886 1251 2936 Sul·

75 2952 130 3014 805.
168 2951 227 3012 sihi]
244 2949 282 3000 sor
300 2951 342 3001 illi
357 2968 437 3002 seems
455 2949 627 3012 indelensible‚
667 2950 753 3016 pitius.

46 3015 86 3064 tho
121 3016 228 3067 hOud.
248 3017 308 3076 tries
326 3025 353 3066 to
372 3017 465 3066 defend
484 3018 512 3067 it.
546 3018 592 3066 tili
608 3017 630 3066 is
701 3019 758 3079 813.
791 3015 957 3078 caruisse1¹to
967 3015 1032 3065 have
1042 3013 1091 3065 lost
1102 3015 1141 3065 for
1151 3014 1229 3066 ever'.

45 3081 101 3130 loun
143 3081 171 3130 in
193 3098 263 3132 some
285 3082 373 3144 Mss„
397 3084 448 3133 and
469 3083 566 3146 though
588 3083 630 3133 the
701 3085 758 3146 815.
792 3081 910 3143 imtabat]
921 3080 962 3130 ie.
975 3080 1076 3145 recepit,
1090 3082 1135 3131 sed
1146 3083 1251 3134 uictum:

45 3148 176 3197 transition
190 3147 212 3197 is
227 3149 326 3213 abtum,
337 3148 419 3200 thisls
431 3149 542 3214 possibly
553 3147 628 3214 right.
668 3149 737 3214 quod
747 3147 818 3214 peius
828 3163 905 3214 quam
915 3162 967 3197 non
978 3147 1095 3212 recipere.
1129 3146 1241 3199 Grotius.

43 3229 82 3264 see
93 3223 154 3264 note
165 3229 200 3264 on
212 3225 246 3264 111
259 3216 315 3265 281.
