3008 4946
475 397 620 468 LIBER
650 399 729 470 VII.
760 401 940 489 662-709.

190 573 259 628 tam
284 565 403 630 misero
427 566 575 630 Fortuna
599 569 714 633 minor.
761 571 826 632 iam
851 567 998 651 pondere
1022 569 1081 632 sati

189 669 342 752 deposito
364 690 498 734 securus
521 670 611 734 abis:
640 691 728 736 nunc
751 681 902 756 tempora
925 671 1013 736 laeta

189 773 375 856 respexisse
397 761 512 838 uacat:
543 795 619 857 spes
642 795 825 860 numquam
850 775 1019 860 implenda
1043 776 1182 840 recessit.

189 877 262 958 quis
285 875 384 940 fueris
407 897 494 940 nunc
516 879 600 940 scire
623 877 708 942 licet.
753 877 831 960 luge
853 878 980 962 proelia
1003 877 1083 955 dira,

189 1000 228 1043 ac
250 989 373 1044 testare
395 981 476 1045 deos
499 981 627 1046 nullum
651 983 706 1065 qui
730 992 857 1066 perstet
881 983 913 1046 in
937 983 1037 1046 armis
1156 981 1222 1064 690

191 1085 257 1148 iam
280 1085 349 1162 tibi,
373 1085 506 1169 Magne,
530 1086 631 1150 mori:
662 1107 721 1150 ceu
745 1085 865 1150 flebilis
887 1085 1003 1150 Africa
1025 1086 1165 1163 damnis,

189 1197 222 1252 et
244 1209 304 1252 ceu
328 1190 458 1254 Munda
481 1211 614 1268 nocens,
638 1190 823 1274 Pharioque
846 1211 866 1254 a
889 1191 1019 1273 gurgite
1042 1190 1161 1264 clades,

188 1293 235 1356 sic
257 1303 292 1358 et
313 1293 526 1358 Thessalicae
549 1304 625 1378 post
648 1305 683 1360 te
705 1315 782 1378 pars
806 1296 955 1360 maxima
978 1316 1118 1378 pugnae.

189 1417 256 1461 non
279 1399 345 1461 iam
371 1401 520 1482 Pompeii
544 1419 667 1464 nomen
690 1399 851 1484 populare
873 1420 932 1482 per
954 1399 1069 1494 orbem

189 1521 249 1565 nec
268 1503 416 1567 studium
435 1503 533 1568 belli:
556 1505 614 1568 sed
635 1523 696 1586 par
714 1505 804 1587 quod
825 1523 956 1588 semper
975 1503 1137 1568 habemus
1156 1504 1217 1585 695

188 1605 322 1671 libertas
345 1617 379 1672 et
402 1609 526 1674 Caesar
547 1619 662 1673 erunt:
693 1619 792 1692 teque
816 1609 894 1672 inde
916 1609 1033 1692 fugato

189 1713 336 1776 ostendit
359 1713 502 1777 moriens
523 1713 585 1777 sibi
609 1733 645 1776 se
668 1733 833 1796 pugnasse
856 1722 998 1778 senatus.

231 1835 343 1880 nonne
365 1817 457 1881 iuuat
480 1817 613 1901 pulsum
636 1817 731 1882 bellis
754 1819 891 1883 cessisse
914 1839 975 1883 nec
997 1818 1086 1883 istud

188 1931 414 2003 perspectasse
437 1919 537 2000 nefas,
561 1923 751 2004 spumantis
774 1921 877 1986 caede
899 1921 1075 1986 cateruas?

188 2025 313 2108 respice
336 2025 487 2090 turbatos
510 2026 641 2090 incursu
665 2027 835 2111 sanguinis
859 2047 983 2106 amnes,
1157 2041 1222 2107 700

188 2138 221 2192 et
244 2129 347 2192 soceri
370 2129 524 2193 miserere
546 2132 603 2194 tui.
649 2151 717 2213 quo
740 2139 876 2214 pectore
901 2133 1046 2196 Romam

188 2233 324 2298 intrabit
348 2234 454 2299 sactus
477 2237 606 2319 campis
629 2235 755 2300 felicior
777 2236 873 2300 istis?

187 2339 350 2421 quidquid
373 2341 406 2402 in
431 2340 553 2422 ignotis
576 2341 665 2404 solus
689 2340 880 2424 regionibus
903 2339 1011 2416 exsul,

187 2441 347 2524 quidquid
371 2445 433 2508 sub
458 2443 577 2508 Phario
600 2444 728 2527 positus
751 2445 878 2527 patiere
901 2453 1057 2526 tyranno,

187 2547 285 2612 crede
307 2547 397 2625 deis,·
411 2547 513 2630 longo
536 2547 679 2612 fatorum
703 2549 801 2612 crede
825 2547 939 2624 fauori,
1156 2560 1217 2630 705

188 2650 318 2714 uincere
340 2652 435 2734 peius
458 2659 536 2714 erat.
581 2652 722 2735 prohibe
745 2651 893 2714 lamenta
916 2671 1042 2726 sonare,

187 2751 265 2816 flere
289 2765 366 2818 ueta
388 2753 539 2837 populos,
562 2754 714 2818 lacrimas
738 2755 912 2837 luctusque
935 2754 1074 2818 remitte.

186 2867 257 2921 tam
280 2857 369 2922 mala
393 2859 543 2942 Pompeii
567 2879 668 2940 quam
692 2878 851 2942 prospera
874 2859 1019 2922 mundus
1042 2857 1166 2922 adoret.

185 2962 322 3044 adspice
344 2981 477 3025 securus
500 2962 593 3026 uoltu
617 2983 684 3026 non
707 2962 858 3045 supplice
881 2983 992 3044 reges:

129 3190 188 3243 686.
219 3191 326 3256 pondere
326 3191 394 3256 sats]
409 3191 682 3256 cf.0v.Trist.11237,
753 3189 809 3257 695.
841 3189 902 3254 por]
919 3188 952 3238 cl.
962 3197 1021 3240 note
1032 3205 1066 3238 on
1077 3201 1106 3238 vt
1120 3205 1142 3254 3.

95 3259 147 3324 238
159 3257 238 3308 mirer
247 3259 275 3306 in
288 3257 330 3306 hoc
345 3257 427 3320 rgitur
436 3263 565 3306 tantarum
574 3257 683 3320 ponam
753 3255 809 3323 697.
844 3255 904 3316 siba]
920 3271 954 3304 sc.
969 3255 1082 3304 nontibi.

94 3341 183 3374 remm
195 3329 469 3387 numquamtenostros
480 3323 595 3372 moluisse
607 3322 684 3371 iocos?
752 3319 808 3385 698.
843 3336 886 3368 nec
903 3320 984 3382 istud]
1004 3320 1068 3370 ‘and
1080 3327 1106 3369 to
1120 3319 1185 3369 have
1199 3319 1305 3385 escaped

129 3389 188 3440 68⁸.
222 3405 361 3453 nunrquam
373 3388 509 3452 implenda]
531 3387 591 3452 ‘thy
603 3387 682 3452 hopes
721 3386 763 3436 the
774 3385 819 3434 lull
831 3386 850 3436 s'
869 3385 897 3434 ht
909 3385 937 3434 ol
947 3385 1016 3436 these
1028 3385 1147 3435 horrors'.

95 3455 185 3504 which
197 3455 271 3504 could
284 3451 540 3504 neverbefulfilled’.
755 3465 808 3514 70².
855 3451 950 3512 elicior]
967 3451 998 3500 cs.
1011 3463 1033 3500 11
1046 3466 1100 3500 nar.

130 3519 187 3585 691.
224 3519 282 3581 libr]
301 3519 353 3568 ‘ior
364 3519 408 3583 thy
420 3518 501 3576 sake’,
519 3517 626 3582 cl.145.
755 3528 809 3578 703.
844 3516 943 3580 ignoret]
960 3516 1243 3578 cs.noteson117o.x
1272 3531 1295 3564 r.

129 3602 173 3635 ceu
186 3585 292 3649 flebilis]
321 3591 369 3634 ‘on
388 3585 431 3634 the
452 3599 519 3633 same
540 3583 637 3647 footing
655 3599 683 3632 es
755 3595 809 3644 705.
843 3581 909 3630 crede
924 3582 1145 3658 dcisJUperpetuus
1162 3581 1187 3628 in
1204 3532 1269 3630 ted
1295 3611 1303 3619 ·

96 3651 215 3700 Africa...
238 3666 272 3700 on
292 3651 352 3700 such
371 3649 392 3698 is
411 3650 453 3699 the
470 3657 567 3713 greater
584 3657 638 3712 part
657 3648 686 3698 ol
721 3663 774 3696 rum
787 3648 857 3696 fauor
868 3646 943 3695 fidem
956 3647 1002 3694 tibi
1014 3647 1087 3696 sacrat
1098 3662 1112 3695 e
1123 3646 1221 3695 duobus
1233 3647 1305 3696 malis

94 3717 141 3766 the
153 3716 300 3766 Thessalian
316 3715 378 3780 right
394 3715 457 3764 after
472 3715 532 3764 thou
547 3722 585 3763 art
595 3712 681 3778 gone’,
720 3712 747 3761 id
763 3712 809 3762 tibi
826 3711 938 3762 euenisse
954 3713 1022 3776 quod
1039 3719 1091 3761 erat
1108 3712 1206 3760 minus:
1223 3711 1305 3761 minus

93 3783 111 3832 i.
119 3799 143 3832 e.
164 3799 179 3832 a
199 3789 295 3832 contest
312 3781 350 3830 lor
369 3781 467 3844 liberty,
489 3789 533 3829 not
552 3780 590 3828 lor
609 3780 681 3828 Pom·
720 3779 813 3827 malum
826 3786 863 3827 est
874 3778 941 3826 bello
952 3777 1020 3826 ciuili
1031 3777 1097 3825 uinci
1106 3791 1182 3841 quam
1193 3775 1304 3826 uincere:

91 3848 175 3914 peius.
720 3843 746 3891 ni
757 3843 792 3892 ita
803 3851 875 3902 esset,
887 3843 1007 3892 uictorem
1020 3849 1044 3891 te
1056 3841 1170 3891 iecissent
1182 3841 1217 3891 di.
1241 3841 1303 3892 Gro-

129 3912 187 3978 692.
225 3911 376 3977 Pharioque]
392 3911 451 3960 ‘the
462 3911 578 3960 disasters
589 3909 682 3973 arising
719 3909 776 3958 tius.

93 3979 161 4029 from
180 3979 223 4028 the
244 3977 351 4027 Pharian
370 3975 460 4034 wave’,
480 3977 521 4026 ie.
540 3977 583 4026 the
605 3977 681 4025 losses
753 3973 809 4035 706.
837 3975 911 4038 peius
926 3974 990 4034 erat]
1009 3972 1041 4021 cs.
1060 3972 1136 4037 Verg.
1154 3971 1187 4021 G.
1206 3984 1228 4022 11
1249 3985 1301 4038 132,

92 4043 225 4095 sustained
236 4043 370 4107 byCaesar
378 4043 405 4091 in
416 4042 455 4092 his
462 4049 558 4092 contest
566 4041 627 4095 with
638 4042 681 4091 the
724 4055 767 4104 ¹33
779 4046 802 4088 et
812 4040 835 4088 εἰ
847 4055 898 4088 non
913 4040 994 4088 alium
1009 4039 1078 4103 longe
1094 4038 1197 4087 iactaret
1208 4037 1303 4088 odorem

91 4109 268 4161 Alexandrian
280 4109 409 4173 populace.
719 4105 811 4154 laurus
822 4111 884 4154 erat.

128 4176 186 4244 694.
222 4190 272 4223 non
291 4173 354 4236 zum]
383 4172 416 4222 ‘it
436 4171 487 4222 will
509 4182 553 4222 not
573 4187 630 4222 now
649 4172 680 4220 be
751 4171 848 4232 sonare]
868 4186 925 4234 may
942 4170 974 4219 be
992 4169 1071 4218 either
1086 4168 1167 4218 active
1185 4167 1245 4218 with
1260 4175 1303 4282 pu

94 4240 241 4307 Pompeius’
264 4255 337 4290 name
359 4239 415 4289 that
436 4239 488 4288 will
515 4238 547 4287 be
575 4238 681 4302 popular
715 4237 794 4299 palus
816 4251 843 4284 ss
866 4235 897 4284 its
920 4235 1024 4298 subject,
1049 4251 1078 4283 or
1105 4235 1154 4284 less
1181 4234 1261 4298 proba
1279 4234 1304 4296 ly

92 4307 250 4372 throughout
268 4305 312 4356 the
331 4305 418 4364 world,
441 4320 487 4354 nor
506 4319 635 4368 eagerness
654 4311 681 4352 to
719 4309 813 4350 neuter.

92 4373 157 4438 fight
177 4372 218 4421 lor
237 4371 304 4421 him:
329 4371 374 4421 bnt
395 4370 437 4420 the
475 4369 537 4418 itted
557 4370 618 4433 pair,
644 4385 681 4417 we
754 4379 808 4430 707.
845 4366 951 4427 remitte]
989 4365 1042 4416 ‘dis
1061 4381 1121 4416 ense
1143 4363 1224 4425 with’,
1257 4363 1303 4414 i.e.

91 4455 152 4490 ever
171 4439 238 4489 have
254 4437 314 4487 with
334 4453 371 4497 us,
392 4435 443 4485 will
512 4435 615 4498 Liberty
631 4434 681 4483 and
720 4431 840 4496 although
854 4431 912 4496 they
924 4447 966 4481 are
977 4431 1021 4496 thy
1050 4447 1089 4482 ue.
1115 4430 1147 4482 cl.
1160 4441 1189 4480 vr
1202 4433 1258 4494 ²4⁸·

91 4503 208 4557 Caesar’.
