3008 4946
228 305 292 386 296
565 304 750 372 Lucnut
782 304 1098 372 Pnnnsnnms

316 469 513 532 damnatum
537 467 606 532 leto
628 467 798 532 traherent
821 470 864 534 ad
888 469 988 532 litora
1011 470 1185 552 Magnum,
1286 483 1354 551 570

316 593 383 636 non
406 573 464 636 ulli
487 573 647 636 comitum
670 573 803 638 sceleris
827 576 1001 658 praesagia
1024 577 1172 640 deerant

275 711 277 717 ·
315 677 450 760 quippe,
473 675 557 738 fides
580 677 607 738 si
631 697 713 759 pura
737 677 831 752 foret,
854 678 881 740 si
905 680 995 760 regia
1019 678 1148 762 Magno

315 791 521 862 sceptrorum
544 782 671 844 auctori
695 801 774 844 uera
795 783 922 864 pietate
944 792 1081 865 pateret,

253 924 262 944 .
315 893 493 948 uenturum
516 891 590 946 tota
614 882 770 947 Pharium
793 905 870 948 cum
893 884 998 948 classe
1021 895 1212 968 tyrannum.

316 989 374 1050 sed
398 988 486 1050 cedit
509 987 596 1065 satiS,
619 987 827 1072 classemque
850 990 1034 1072 relinquere
1057 990 1165 1054 iussus
1286 1003 1348 1072 575

316 1089 519 1172 obsequitur,
542 1090 714 1173 letumque
737 1092 830 1154 iuuat
853 1091 1018 1174 praeferre
1039 1093 1162 1157 timori.

317 1191 386 1254 ibat
408 1192 441 1254 in
465 1190 620 1256 hostilem
644 1213 804 1276 praeceps
827 1194 983 1258 Cornelia
1005 1197 1157 1276 puppim,

315 1295 380 1359 hoc
403 1297 510 1378 magis
533 1297 711 1378 impatiens
734 1317 868 1380 egresso
890 1299 1007 1362 deesse
1030 1301 1159 1375 marito,

314 1399 404 1480 quod
429 1399 548 1462 metuit
571 1399 691 1464 clades.
737 1419 880 1476 remane,
904 1403 1081 1465 temeraria
1103 1404 1263 1479 coniunx,

317 1510 351 1564 et
373 1510 419 1578 tu,
442 1512 529 1578 nate,
552 1523 677 1586 precor,
701 1502 866 1586 longeque
889 1525 908 1567 e
931 1505 1028 1568 litore
1050 1525 1147 1568 casus
1284 1507 1350 1586 580

315 1613 513 1687 exspectate
536 1616 696 1682 meoset
720 1609 753 1670 in
776 1607 839 1670 hac
861 1609 989 1672 ceruice
1012 1610 1146 1691 tyranni

316 1708 494 1791 explorate
517 1708 627 1786 fidem,
649 1711 746 1775 dixit.
791 1711 849 1774 sed
873 1711 956 1774 dura
979 1713 1106 1775 uetanti

316 1811 477 1876 tendebat
499 1813 651 1896 geminas
674 1833 791 1876 amens
815 1813 970 1878 Cornelia
993 1815 1142 1896 palmas:

316 1935 384 1996 quo
406 1915 478 1978 sine
502 1936 564 1989 me,
586 1915 737 1992 crudelis,
760 1915 856 1980 abis?
901 1917 1064 1980 iterumne
1088 1917 1257 1999 relinquor
1283 1919 1348 1996 584

315 2015 517 2080 Thessalicis
540 2017 697 2082 submota
721 2019 841 2083 malis?
886 2040 1069 2103 numquam
1092 2020 1205 2083 omine
1227 2019 1317 2082 laeto

316 2119 532 2183 distrahimur
554 2122 674 2186 miseri.
718 2132 852 2206 poteras
875 2143 941 2186 non
965 2123 1098 2186 flectere
1120 2123 1273 2205 puppim,
1349 2107 1351 2111 ⁸

316 2243 393 2286 curn
417 2223 555 2306 fugeres,
579 2224 654 2300 alio,
678 2223 880 2308 latebrisque
903 2226 1086 2309 relinquere
1110 2227 1220 2302 Lesbi,

315 2327 472 2390 omnibus
494 2347 515 2390 a
537 2327 632 2390 terris
655 2329 682 2390 si
706 2349 767 2390 nos
790 2349 899 2392 arcere
922 2331 1072 2411 parabas.

316 2451 359 2494 an
383 2439 515 2493 tanturn
539 2431 572 2493 in
595 2429 715 2494 fluctus
738 2431 855 2514 placeo
877 2431 1013 2496 comes?
1057 2432 1140 2495 haec
1162 2431 1218 2495 ubi
1242 2431 1363 2494 frustra

316 2533 442 2610 effudit,
466 2534 573 2615 prima
596 2535 720 2616 pendet
744 2527 858 2597 tamen
881 2536 985 2597 anxia
1007 2555 1139 2617 puppe:
1283 2547 1346 2614 590

317 2638 537 2719 adtonitoque
559 2647 651 2700 metu
675 2657 736 2699 nec
759 2657 928 2720 quoquam
952 2647 1101 2701 auertere
1124 2637 1215 2702 uisus

317 2761 377 2805 nec
401 2741 564 2823 Magnum
587 2751 737 2824 spectare
760 2751 879 2824 potest.
925 2743 1018 2806 stetit
1040 2743 1143 2806 anxia
1165 2742 1281 2806 classis

316 2845 361 2908 ad
383 2845 476 2909 ducis
499 2855 667 2923 euentum,
690 2855 844 2910 metuens
867 2867 934 2908 non
958 2867 1051 2910 arma
1074 2845 1242 2929 nefasque,

229 3026 407 3060 saenexarem
420 3026 451 3060 ex
464 3012 596 3076 segzgnat.
630 3011 719 3060 Manil.
737 3023 808 3076 1531
849 3012 878 3061 in
889 3013 1001 3062 aduersis
1010 3013 1122 3076 explorat
1131 3027 1225 3060 comm
1236 3011 1342 3060 truncis.

229 3092 280 3124 nen
302 3091 371 3125 casso
391 3084 450 3140 opus
471 3084 506 3125 est
527 3077 616 3140 magni
635 3077 676 3126 sed
695 3078 812 3126 numinis
883 3081 950 3164 ⁵8²⁸,
972 3078 1038 3126 dura
1061 3077 1166 3139 mann]
1195 3077 1297 3141 ‘giving
1322 3093 1337 3126 a
1362 3075 1425 3126 crnel
1485 3053 1486 3090 Ξ

228 3142 318 3269 Μιέθᾷι.
353 3205 447 3255 sceleris
467 3206 609 3270 praesagia]
637 3210 667 3255 ‘a
692 3206 811 3272 presenti-
847 3143 958 3271 κίὲἒῗ.
975 3205 1233 3267 Thessalicis...malis]
1254 3209 1309 3255 ‘arn
1327 3205 1339 3254 1
1356 3212 1381 3254 to
1396 3206 1425 3253 be

229 3281 298 3321 ment
310 3271 339 3320 oi
346 3272 389 3320 the
400 3271 476 3321 crime
487 3271 537 3319 had
548 3280 591 3320 not
603 3273 666 3321 been
679 3273 789 3336 wanting
795 3271 810 3320 ’.
848 3273 891 3322 leit
911 3273 1005 3322 behind
1025 3273 1106 3338 again,
1129 3273 1141 3320 I
1162 3271 1220 3320 who
1239 3287 1292 3320 was
1310 3271 1425 3320 debaned

264 3348 318 3400 572.
345 3337 453 3422 ‚quippel
479 3337 531 3386 ‘ior
555 3337 614 3400 they
636 3337 716 3401 might
738 3337 811 3386 think
848 3338 912 3387 irom
927 3339 1028 3402 shering
1043 3339 1069 3387 in
1084 3337 1127 3386 the
1141 3337 1301 3386 misiortunes
1315 3336 1424 3386 inThes·
1485 3327 1486 3372 Ξ

229 3401 339 3531 mlh?
353 3473 501 3530 sceptrorum
512 3465 617 3528 auctore]
637 3466 691 3516 ‘the
705 3466 774 3531 givet
786 3466 815 3516 os
848 3404 937 3531 salgtid.
969 3473 1067 3532 poteras
1083 3483 1132 3516 non
1143 3465 1250 3530 flectere]
1270 3471 1331 3530 ‘you
1350 3463 1424 3530 might

228 3526 268 3581 ὤς
279 3531 395 3597 sceptre’.
848 3533 912 3582 have
930 3533 1052 3582 resrained
1069 3532 1132 3580 srom
1148 3532 1275 3596 changing
1290 3532 1332 3581 the
1344 3545 1424 3580 course

263 3597 317 3660 576.
352 3595 447 3657 timore]
463 3600 506 3645 ‘to
515 3595 631 3659 showing
641 3595 692 3646 sear
699 3597 714 3646 '.
848 3597 876 3647 oi
890 3613 951 3660 your
966 3597 1030 3662 ship,
1046 3598 1096 3646 and
1112 3597 1192 3662 might
1208 3597 1272 3646 have
1288 3596 1333 3646 leit
1348 3611 1386 3645 me
1401 3604 1424 3644 at
1485 3609 1486 3668 J

263 3665 320 3725 578.
353 3663 404 3723 hoc]
425 3664 472 3711 ‘ou
484 3661 534 3712 this
545 3661 671 3711 account'.
849 3663 966 3712 Lesbos’.

262 3727 393 3792 e'mpatr'ens
402 3727 484 3788 deesse]
502 3727 564 3776 ‘less
575 3727 632 3776 able
644 3735 670 3776 to
681 3727 773 3776 endure
785 3735 812 3776 to
883 3731 938 3792 587.
973 3727 1034 3788 alio]
1047 3726 1090 3777 ie.
1102 3733 1128 3776 to
1138 3726 1241 3786 Lesbos,
1253 3733 1281 3775 to
1291 3743 1307 3776 a
1318 3725 1423 3775 different

229 3793 305 3858 quit’:
334 3793 372 3841 ior
388 3793 430 3842 the
449 3793 616 3842 construction
639 3791 671 3841 ci.
690 3793 735 3842 Sil.
753 3792 811 3840 Ital.
849 3793 921 3857 place
940 3792 1003 3841 irom
1021 3793 1076 3841 that
1092 3792 1201 3841 towards
1217 3792 1301 3841 which
1317 3807 1363 3856 you
1378 3791 1423 3840 had
1485 3799 1486 3864 J

230 3860 305 3922 x198
321 3857 451 3922 impatiens
465 3859 533 3906 ultra
545 3858 641 3922 genitu
654 3857 758 3906 cohibere
766 3860 812 3921 ju·
849 3858 951 3918 started,
965 3857 997 3906 ci.
1009 3857 1059 3920 640
1070 3857 1125 3906 infr.
1192 3905 1198 3916 ,

228 3939 316 3972 rorem.
883 3925 940 3989 589.
974 3923 1002 3992 in
1023 3921 1131 3986 fluctus]
1157 3930 1185 3971 to
1207 3921 1241 3972 be
1268 3921 1344 3970 taken
1367 3920 1423 3969 with
1485 3887 1486 3972 Ξ

264 3989 318 4050 580.
354 3987 425 4050 longe
444 4003 457 4036 e
478 3985 719 4052 lelore...exspectate]
746 3993 811 4035 must
848 4005 930 4038 censes.

228 4069 303 4102 mean
316 4053 389 4101 ‘walt
406 4053 443 4101 sor
457 4053 499 4102 the
516 4068 583 4102 news
600 4053 628 4101 os
641 4052 709 4100 what
723 4051 812 4100 besalis
882 4067 940 4166 531.
973 4053 1082 4102 adtonito
1093 4051 1169 4112 metu]
1185 4067 1221 4101 se.
1232 4051 1344 4100 adtonita
1354 4057 1422 4098 mete.

229 4134 270 4167 me
288 4127 314 4167 to
336 4117 410 4166 reach
431 4133 480 4180 you
503 4119 565 4166 from
584 4118 626 4166 the
644 4117 717 4166 shore
736 4116 807 4165 aser’.
850 4117 890 4167 Ou
912 4116 963 4167 .ci.
977 4117 1021 4167 Sil.
1037 4117 1095 4166 Ital.
1110 4129 1143 4165 111
1159 4132 1214 4179 131,
1230 4131 1273 4179 ¹3²
1289 4131 1424 4182 aegramque

230 4183 298 4232 Oud.
308 4183 368 4231 with
379 4198 448 4231 some
456 4183 532 4232 MSS.
543 4183 613 4231 reads
624 4197 640 4229 a
651 4183 721 4230 litore
729 4181 812 4230 which
849 4183 934 4232 leuare
943 4183 1061 4232 adtonitis
1072 4189 1176 4231 mentem
1186 4183 1260 4231 cun's.

230 4247 312 4295 would
325 4247 477 4310 besimpler,
492 4248 532 4296 i.e.
548 4246 810 4295 ‘atadistenceirom
883 4263 937 4323 593.
973 4248 1009 4296 ad
1035 4248 1105 4296 ducis
1131 4246 1259 4308 menum]
1287 4252 1423 4310 exspectem

230 4312 273 4360 the
285 4311 357 4360 shore
369 4311 426 4359 weit
438 4319 464 4359 to
475 4327 515 4359 see
527 4311 593 4360 what
606 4311 692 4360 besalls
704 4309 764 4360 me’.
849 4313 909 4376 quid
929 4313 1062 4378 Pompeius
1079 4319 1121 4362 aut
1140 4320 1265 4378 pateretur
1282 4321 1324 4362 aut
1340 4321 1422 4375 ageret.

264 4379 320 4437 581·
354 4376 382 4424 in
400 4375 446 4422 hac
461 4375 560 4436 ceersice]
576 4375 607 4426 ci.
625 4376 706 4440 11603
722 4383 810 4425 laurus
850 4377 935 4428 Schol.
