3080 4954
263 333 301 372 xx
686 321 1049 382 INTRODUCTION.

264 489 372 551 septem
388 482 486 551 primis
499 483 626 539 versibus
642 483 712 538 nihil
727 485 805 540 aliud
822 501 908 555 quam
925 485 997 540 bella
1009 486 1183 556 plusquam
1199 486 1301 540 civilia
1320 485 1474 555 interprae-

263 575 339 622 tatus
358 579 409 624 est.
447 567 535 641 nu[nc
549 570 616 643 hoc]
631 573 747 642 replicet
763 582 832 642 quot
850 572 1015 627 sententiis?
1053 575 1153 644 iusque
1169 573 1270 628 dalmn
1286 574 1401 628 sceleri:
1419 590 1475 626 una

265 657 405 712 sententia
429 667 498 718 est.v
517 660 548 713 in
569 677 623 713 sua
647 661 763 714 victrici
784 677 952 714 conversum
977 662 1102 717 viscera:
1129 661 1185 715 iam
1211 661 1282 716 haec
1308 662 1398 715 altera
1423 669 1474 715 est

264 749 452 814 cognatasque
468 746 554 811 ms:
574 745 656 800 tertia
672 747 743 801 haec
760 747 820 802 erit.
858 748 889 800 in
907 763 1052 801 commune
1068 749 1168 818 neJ'as:
1186 757 1318 818 quartam
1334 757 1474 803 numerat.

265 832 428 902 ensesttquue
445 834 527 887 obvia
542 835 645 904 signa:
663 832 810 905 [appelJlat
830 850 942 905 quoque
961 833 1097 905 quintam.
1134 837 1227 906 segnes
1240 839 1326 906 pares
1343 836 1476 906 aquilas:

265 928 344 973 sexta
359 920 430 974 haec
451 919 583 975 Herculis
600 937 742 976 aerumna.
780 927 808 976 et
818 921 885 992 pila
903 921 1047 976 minantia
1059 921 1149 992 pilis:
1167 922 1304 992 septima;
1322 921 1359 976 de
1377 921 1475 977 Aiacis

265 1017 345 1062 scuto
362 1007 477 1062 corium.
514 1010 640 1076 Annaea
660 1008 723 1079 quis
742 1009 806 1064 finis
825 1009 895 1064 erit?
931 1019 980 1065 aut
997 1011 1020 1064 si
1037 1011 1131 1065 nullus
1147 1011 1212 1065 finis
1228 1027 1281 1065 nec
1298 1011 1401 1065 modus
1419 1027 1473 1064 ser-

264 1096 376 1152 vandus
395 1105 447 1164 est,
468 1115 521 1168 qur
537 1114 594 1152 non
612 1097 695 1151 addis
711 1103 739 1152 et
755 1097 862 1151 similes
877 1098 985 1153 lituos?
1022 1097 1112 1153 addas
1129 1099 1196 1154 licet
1215 1104 1244 1152 et
1260 1099 1391 1152 carmina
1408 1103 1473 1151 nota

266 1183 406 1237 tubarum.
445 1183 496 1238 sed
515 1193 542 1238 et
561 1183 663 1238 loricas
680 1193 708 1239 et
726 1201 814 1239 conos
832 1193 859 1238 et
876 1201 960 1240 enses
979 1193 1007 1238 et
1023 1184 1134 1239 balteos
1151 1195 1179 1239 et
1196 1201 1311 1240 omnem
1329 1201 1472 1239 armorum

266 1271 469 1341 supellectilem
487 1288 612 1341 sequere.

319 1391 345 1443 A
358 1391 430 1458 truly
443 1389 598 1444 admirable
615 1390 696 1459 piece
712 1390 744 1444 ol
757 1389 865 1444 critical
882 1389 1002 1458 raillery‚
1016 1389 1124 1458 worthy
1137 1387 1169 1442 ol
1184 1387 1270 1444 Swilt.
1308 1387 1371 1442 ‘lhe
1389 1388 1473 1440 inter-

265 1477 375 1545 change
387 1476 419 1530 ol
427 1479 511 1546 signa
524 1476 579 1530 and
592 1477 685 1546 segnis
698 1477 722 1531 is
735 1477 839 1545 clearly
852 1493 869 1531 a
881 1477 1074 1532 transcribens
1087 1476 1213 1531 blunder.

319 1679 370 1749 (8)
408 1679 538 1735 Caesaris
557 1677 580 1750 [l
590 1677 759 1750 Domitiani]
778 1680 814 1735 de
832 1679 912 1734 libris
933 1678 1048 1733 Lucani.
1085 1677 1246 1749 [Baehrens
1260 1690 1291 1732 tv
1307 1675 1369 1747 rio]

479 1785 608 1852 Mantua,
625 1784 663 1837 da
681 1783 802 1852 veniam,
821 1784 898 1838 fama
916 1792 1029 1837 sacrata
1046 1782 1180 1853 perenni:

512 1869 548 1922 sit
567 1868 610 1922 las
629 1868 808 1922 Thessaliam
827 1879 892 1938 post
912 1869 1059 1923 Simoenta
1076 1867 1139 1938 legi.

319 2031 404 2086 Riese
429 2031 526 2085 anthol
547 2029 607 2098 668,
634 2031 778 2087 Baehrens
803 2043 823 2083 v
846 2047 865 2101 p
888 2031 947 2100 386.
986 2031 1101 2101 epitaph
1126 2047 1163 2084 on
1188 2031 1292 2085 Lucan.
1321 2029 1406 2099 (from
1432 2042 1473 2084 urs
1514 2097 1515 2104 ἵ

266 2137 329 2175 saec
350 2119 404 2188 tx.)
1434 2137 1439 2146 ·

443 2207 576 2261 Corduba
594 2223 640 2262 me
658 2206 763 2278 genuit,
782 2207 875 2278 rapuit
894 2209 979 2275 Nero,
999 2207 1107 2278 proelia
1125 2206 1182 2262 dixi

477 2310 550 2364 quae
567 2311 680 2364 gessere
697 2311 780 2364 pares
798 2295 865 2350 hinc
883 2311 970 2364 gener
987 2295 1053 2349 inde
1072 2311 1159 2349 socer.

442 2383 576 2437 continuo
595 2400 751 2454 numquam
769 2383 858 2438 direxi
877 2383 1004 2438 carmina
1021 2383 1107 2437 ductu

477 2487 550 2540 quae
568 2470 681 2525 tractim
699 2481 828 2542 serpant:
848 2472 911 2541 plus
929 2471 998 2526 mihi
1017 2487 1131 2526 comma
1148 2471 1248 2541 placet.

442 2557 567 2612 fulminis
585 2558 615 2612 in
633 2575 741 2613 morem
760 2575 834 2629 quae
854 2559 909 2612 sint
928 2557 1057 2613 miranda
1076 2559 1214 2623 citentur;

477 2647 547 2703 haec
566 2665 631 2704 vere
650 2649 740 2719 sapiet
758 2648 853 2715 dictio,
871 2665 943 2718 quae
961 2647 1047 2703 feriet.

319 2780 380 2834 The
400 2780 459 2834 first
476 2779 587 2849 couplet
603 2779 627 2832 is
647 2777 783 2847 certainly
803 2795 871 2847 very
886 2777 1016 2842 ancient3
1040 2777 1089 2832 the
1104 2777 1164 2832 first
1179 2776 1237 2832 line
1256 2777 1280 2832 is
1300 2775 1328 2830 in
1347 2793 1365 2831 a
1382 2788 1426 2832 Ms
1450 2779 1479 2832 ol

265 2867 313 2920 the
338 2865 434 2936 eighth
459 2874 583 2934 century.
624 2865 762 2920 Whether
782 2865 830 2920 the
851 2865 942 2920 whole
964 2865 988 2918 is
1009 2863 1042 2918 ol
1063 2864 1110 2918 the
1132 2879 1211 2918 same
1231 2862 1298 2917 date
1320 2863 1373 2917 has
1396 2864 1475 2922 been
1514 2929 1515 2932 Ἴ

266 2953 398 3024 disputed
410 2951 535 3022 [Genthe
551 2969 590 3024 pp
603 2950 711 3023 32-3]‚
727 2953 778 3008 but
795 2953 816 3008 it
833 2971 925 3010 seems
942 2971 1006 3008 now
1020 2953 1164 3023 generally
1180 2952 1301 3022 thought
1318 2951 1380 3006 that
1398 2953 1423 3008 it
1443 2955 1473 3010 is.

267 3042 351 3097 Lines
367 3055 433 3094 r—2
450 3057 498 3094 are
515 3057 552 3094 an
569 3040 708 3095 imitation
725 3039 757 3096 of
766 3041 814 3097 the
827 3043 941 3114 epitaph
954 3059 991 3098 on
1004 3043 1101 3112 Vergil
1112 3043 1240 3096 Mantua
1252 3059 1295 3094 me
1302 3044 1412 3112 genuit
1421 3053 1473 3100 etc

265 3133 307 3186 As
320 3146 337 3184 a
350 3128 521 3202 description
535 3129 567 3183 oi
577 3130 695 3184 Lucan’s
709 3130 780 3200 style
792 3129 864 3186 lines
878 3133 947 3200 3-6
959 3147 1007 3186 are
1019 3131 1102 3202 good
1183 3163 1200 3192 ο
