2966 4948
408 371 554 436 LIBER
585 370 644 435 IV.
672 371 858 452 476-517.

122 532 330 596 constituere
353 531 415 595 dei.
463 531 673 614 praebebunt
696 552 843 615 aequora
866 542 980 610 testeS,

121 636 336 719 praebebunt
358 645 475 712 terrae,
498 635 639 698 summis
665 636 760 700 dabit
784 635 894 700 insula
915 634 1028 701 saxis:

120 739 328 823 spectabunt
350 739 505 821 geminae
529 738 661 803 diuerso
686 759 706 802 e
729 739 826 804 litore
849 749 971 824 partes.
1102 753 1166 824 495

123 843 356 927 nescioquod
380 842 502 907 nostris
526 863 685 926 magnum
709 852 743 908 et
766 845 981 910 memorabile
1005 844 1082 910 fatis

124 947 336 1032 exemplum,
360 945 517 1023 Fortuna,
540 967 645 1030 paras.
691 968 923 1030 quaecumque
945 969 1005 1032 per
1026 968 1146 1012 aeuom

124 1053 286 1117 exhibuit
309 1058 527 1116 monumenta
550 1050 632 1115 fides
655 1060 854 1135 seruataque
876 1052 962 1116 ferro

125 1155 270 1219 militiae
294 1154 410 1238 pietas,
432 1154 587 1219 transibit
611 1164 724 1220 nostra
747 1155 902 1220 iuuentus
915 1175 922 1233 ;

127 1279 277 1342 namque
300 1257 367 1322 suis
391 1279 452 1341 pro
475 1267 509 1322 te
531 1257 653 1342 gladiis
676 1258 878 1338 incumbere,
903 1257 1035 1336 Caesar,
1107 1273 1170 1341 500

127 1383 205 1426 esse
227 1381 344 1446 parum
368 1362 508 1425 scimus:
538 1362 597 1426 sed
622 1381 689 1426 non
713 1363 839 1426 maiora
862 1372 1039 1446 supersunt

127 1468 276 1532 obsessis
298 1467 383 1532 tanti
406 1485 493 1548 quae
516 1466 657 1550 pignora
679 1467 798 1530 demus
821 1467 952 1530 amoris.

128 1573 276 1637 abscidit
298 1582 432 1636 nostrae
455 1571 598 1638 multum
621 1593 692 1636 sors
716 1573 829 1638 inuida
853 1571 942 1636 laudi

129 1674 222 1757 quod
248 1695 314 1738 non
337 1695 413 1739 cum
437 1674 572 1738 senibus
595 1675 684 1758 capti
708 1675 861 1758 natisque
884 1683 1045 1739 tenemur.

128 1776 315 1841 indomitos
337 1777 421 1840 sciat
443 1799 516 1842 esse
539 1778 628 1842 uiros
651 1778 835 1861 timeatque
858 1777 997 1843 furentis
1106 1791 1166 1860 505

129 1891 165 1945 et
189 1883 290 1946 morti
313 1881 426 1946 faciles
448 1884 588 1960 animos
610 1892 644 1948 et
666 1884 814 1966 gaudeat
836 1882 941 1948 hostis

131 2005 200 2050 non
224 1985 335 2070 plures
357 1985 503 2052 haesisse
527 1997 622 2052 rates.
667 1997 834 2070 temptare
856 1989 1022 2070 parabunt

131 2089 323 2156 foederibus
346 2092 500 2176 turpique
523 2093 638 2156 uolent
660 2111 871 2177 corrumpere
894 2093 971 2156 uita.

131 2215 153 2258 o
177 2196 317 2274 utinam,
339 2218 406 2280 quo
429 2196 504 2281 plus
526 2195 650 2262 habeat
674 2217 764 2260 mors
787 2197 885 2260 unica
908 2195 1026 2274 famae,

132 2302 334 2385 promittant
357 2302 489 2366 ueniam
514 2301 650 2365 iubeant
673 2321 805 2384 sperare
827 2299 980 2378 salutem,
1108 2314 1171 2382 510

132 2427 173 2470 ne
197 2426 268 2482 nos,
291 2425 367 2470 cum
391 2407 501 2470 calido
524 2405 691 2470 fodiemus
714 2406 841 2470 uiscera
865 2404 958 2480 ferro,

132 2509 328 2592 desperasse
350 2519 476 2593 putent.
521 2530 645 2593 magna
668 2510 790 2572 uirtute
813 2509 1007 2572 merendum
1031 2517 1091 2584 est,

134 2613 260 2679 Caesar
281 2623 318 2678 ut
341 2615 473 2678 amissis
496 2615 582 2678 inter
604 2623 656 2679 tot
680 2613 771 2678 milia
794 2613 910 2696 paucis

132 2717 196 2782 hoc
219 2720 381 2782 damnum
405 2719 603 2802 clademque
626 2695 733 2783 ubcet.
779 2719 860 2782 dent
883 2716 953 2781 fata
975 2737 1140 2782 recessum

132 2823 358 2907 emittantque
380 2823 466 2902 licet,
490 2826 596 2889 uitare
620 2824 779 2888 instantia
803 2821 916 2886 nolim.
1108 2835 1167 2904 515

133 2929 258 3014 proieci
282 2929 396 3005 uitam,
418 2929 566 3008 comites,
589 2939 747 3012 totusque
770 2927 900 2992 futurae

133 3032 252 3096 mortis
274 3054 356 3116 agor
378 3033 541 3098 stimulis:
571 3033 662 3097 furor
684 3041 745 3096 est.
792 3051 972 3115 agnoscere
994 3029 1073 3093 solis

82 3241 136 3294 495.
168 3228 277 3290 diuerso]
287 3228 329 3279 ie.
340 3229 402 3279 both
415 3229 458 3280 the
468 3245 559 3295 enemy
569 3229 633 3280 frorn
672 3245 764 3280 mewe
775 3229 839 3279 have
851 3245 884 3278 no
895 3229 1105 3294 greaterpledges
1113 3227 1158 3278 left
1167 3235 1193 3279 to
1201 3229 1259 3294 give

53 3293 93 3343 tbe
111 3295 195 3344 shores
218 3294 248 3342 of
256 3295 305 3344 the
325 3295 414 3355 island,
436 3295 487 3345 and
505 3313 551 3345 our
568 3311 635 3345 corn·
672 3295 701 3346 of
710 3311 755 3345 our
767 3295 904 3358 exceeding
915 3293 992 3343 love'.

53 3359 129 3419 rades,
143 3360 201 3408 who
218 3360 283 3408 have
299 3361 414 3425 escaped,
426 3360 489 3410 from
508 3361 551 3410 the
567 3362 635 3410 main
706 3359 762 3424 506.
796 3362 873 3409 morti
880 3359 1083 3423 faciles1‘ready
1094 3366 1121 3408 to
1138 3359 1258 3409 welcome

54 3425 118 3472 land.
158 3425 191 3473 cf.
216 3425 293 3489 Verg.
316 3425 349 3474 G.
371 3431 468 3490 11132,
493 3441 523 3490 33
543 3433 567 3476 et
587 3427 635 3476 duo
672 3425 769 3476 death’.
804 3426 871 3476 Oud.
892 3425 924 3474 cf.
945 3425 989 3475 Sil.
1011 3425 1070 3474 Ital.
1090 3437 1127 3474 xv
1149 3427 1196 3488 718
1215 3441 1259 3475 nec

54 3497 123 3552 rapta
134 3506 213 3538 manu
224 3491 322 3540 diuma
332 3507 363 3540 ex
373 3491 439 3540 hoste
446 3499 545 3554 tropaea
553 3493 637 3557 bisque
671 3493 719 3541 soli
721 3492 819 3555 faciles,
834 3492 895 3540 used
907 3491 936 3539 of
944 3491 986 3540 the
998 3490 1078 3539 Celts.

55 3555 217 3618 triumphatas
227 3557 548 3620 utroqueahlitoregmres.
707 3560 762 3620 508.
795 3565 824 3606 tu
857 3556 968 3617 i...uita]
993 3556 1042 3619 ‘by
1058 3555 1101 3604 the
1117 3554 1179 3604 offer
1196 3555 1255 3604 ofa

86 3623 139 3686 498.
166 3621 531 3686 smaraqmsm01⁶military
540 3621 636 3686 fidelity
672 3622 824 3672 dishonoure
853 3622 919 3671 life’.

56 3685 204 3735 maintained
226 3687 261 3750 by
280 3687 323 3736 the
342 3685 445 3747 sword',
467 3688 511 3737 ie.
531 3687 636 3737 soldiers
707 3703 762 3749 511.
785 3687 875 3748 caliido]
890 3685 981 3750 ‘fiery'‚
997 3683 1133 3750 ‘spirited'.
1165 3685 1197 3734 cf.
1210 3685 1257 3735 Sil.

57 3751 148 3814 usually
155 3767 234 3816 prove
245 3751 310 3800 their
322 3751 418 3816 fidelity
427 3760 453 3801 to
465 3753 529 3802 their
541 3753 637 3802 leaders
675 3753 732 3802 Ital.
754 3764 791 3801 xv
813 3766 858 3815 337
879 3751 1005 3816 calidoque
1019 3749 1259 3800 habitara‘Gradiuo

57 3816 88 3878 by
98 3817 168 3880 using
178 3815 245 3866 their
256 3817 351 3866 swords
366 3819 463 3880 against
479 3818 521 3867 the
536 3834 633 3880 enemy,
667 3825 773 3882 pectora,
787 3834 816 3866 or
832 3817 851 3867 it
869 3833 927 3881 may
942 3817 974 3865 be
990 3816 1067 3866 taken
1084 3815 1258 3881 proleptically

59 3896 94 3929 we
113 3881 174 3932 shall
195 3882 230 3930 do
249 3897 278 3930 so
296 3897 367 3932 more
385 3882 493 3948 signally
511 3884 545 3947 by
564 3884 637 3948 using
673 3884 809 3948 ‘reelring’.

60 3946 121 3995 thern
132 3947 229 4012 against
241 3947 303 3996 each
315 3947 393 3998 other.
707 3963 763 4012 514.
798 3947 924 4008 recessum]
939 3945 1196 3996 ‘meansofretreat'.

89 4027 141 4076 499.
173 4011 305 4074 transibit]
325 4013 391 4062 ‘will
407 4013 530 4078 surpass'.
564 4013 636 4063 cf.11
708 4013 764 4076 516.
793 4013 898 4079 proieci]
921 4012 952 4062 cf.
978 4011 1055 4076 Verg.
1082 4012 1146 4060 Aen.
1163 4023 1191 4060 vl
1209 4024 1256 4075 435

60 4075 110 4138 565.
674 4081 801 4142 lucemque
817 4077 1033 4208 pnon'fruiecere
1054 4077 1164 4126 animas.
1198 4077 1258 4127 Seu.

91 4157 141 4203 500.
175 4141 242 4204 suis]
267 4157 303 4192 sc.
326 4143 418 4192 nostris
445 4144 563 4208 ipsumam.
602 4143 634 4194 cf.
674 4145 740 4195 Oed.
766 4159 811 4208 193
833 4143 879 4222 qui
909 4151 952 4192 ata
968 4142 1126 4206 procreauit
1143 4158 1172 4191 ac
1190 4144 1259 4194 uitae

62 4205 130 4271 Verg.
148 4209 213 4258 Aen.
233 4220 264 4256 v1
281 4221 329 4273 473
346 4209 639 4274 qm'squesuospatr'mur
674 4211 737 4260 borsa
748 4211 855 4274 proiecte
871 4215 945 4273 atquae
960 4208 1063 4257 abrn'cffl
1078 4215 1101 4256 et
1116 4223 1187 4256 casus
1202 4224 1259 4258 suos

62 4287 147 4322 manu.
182 4273 311 4338 Compare
330 4274 372 4324 the
392 4291 436 4325 use
447 4273 476 4324 of
484 4277 601 4338 σφέτερος
611 4277 637 4324 in
674 4277 788 4325 meraud
796 4275 853 4338 ipsa

61 4337 145 4394 Greek,
161 4338 269 4389 Theocr.
290 4351 349 4388 xxv
369 4339 413 4405 163
435 4337 492 4390 uiuet
512 4357 559 4404 περ
578 4347 636 4402 σφε-
709 4351 765 4404 517.
791 4340 871 4404 firror
888 4339 932 4400 est]
952 4338 1005 4388 ‘'tis
1024 4337 1134 4403 inspired
1154 4337 1258 4403 frenzy'.

63 4403 151 4464 τέρῃσιν
160 4406 193 4453 fvl
206 4407 281 4468 φρεσὶ
293 4403 418 4466 timeant
428 4403 490 4469 ἄρτι.
675 4406 708 4455 cf.
728 4407 783 4455 Cic.
801 4406 833 4455 de
855 4405 906 4454 div.
928 4417 937 4453 1
960 4405 974 4464 fl
997 4402 1028 4454 66
1049 4404 1113 4452 inest
1129 4403 1209 4467 igitur
1229 4405 1258 4454 in

94 4481 143 4530 5⁰¹·
173 4471 215 4520 scd
230 4469 293 4532 non]
315 4470 371 4521 ‘but
391 4471 532 4522 blockaded
552 4487 580 4520 as
599 4487 637 4521 we
675 4469 1259 4538 animispnusaga'tioextrimerusr'm'cctautque
