2944 4948
422 334 568 400 LIBER
601 335 661 400 IV.
692 335 873 418 739-786.

133 497 323 564 uolneribus
346 507 512 582 coguntur
534 499 619 582 equi.
664 519 725 563 nec
748 498 873 583 profuit
896 497 953 562 ulli

133 603 320 686 cornipedis
343 603 471 686 rupisse
494 622 625 666 moras:
656 621 765 685 neque
788 601 875 666 enim
900 602 1046 684 impetus
1068 600 1133 665 illis

132 709 348 791 incursusque
370 708 456 773 fuit:
484 715 618 772 tantum
642 707 807 792 profertur
829 707 872 770 ad
895 706 1008 770 hostes

132 822 163 878 et
186 813 334 897 spatium
358 811 474 878 iaculis
497 811 613 877 oblato
636 811 772 876 uolnere
794 811 906 876 donat.

132 926 164 982 at
188 939 297 1003 uagus
319 918 406 984 Afer
427 939 533 1003 equos
553 927 590 982 ut
609 917 755 1002 primum
776 917 886 982 emisit
905 917 939 980 in
958 935 1079 1000 agmen
1104 915 1165 998 765

131 1029 203 1086 tum
227 1022 338 1106 campi
361 1031 528 1086 tremuere
551 1041 655 1086 sono:
685 1029 840 1102 terraque
862 1019 981 1096 soluta,

130 1135 277 1210 quantus
300 1126 452 1192 Bistonio
475 1135 650 1210 torquetur
672 1125 805 1190 turbine
828 1123 946 1208 puluis,

130 1250 209 1294 aera
231 1230 320 1294 nube
342 1251 403 1294 sua
425 1229 514 1294 texit
536 1230 708 1312 traxitque
730 1229 892 1292 tenebras.

130 1342 167 1398 ut
190 1353 272 1397 uero
294 1333 327 1398 in
352 1333 483 1416 pedites
506 1333 612 1398 fatum
637 1331 825 1396 miserabile
847 1329 926 1395 belli

130 1437 301 1502 incubuit:
332 1435 425 1502 nullo
448 1437 540 1502 dubii
564 1436 756 1501 discrimine
779 1435 899 1500 Martis
1102 1450 1168 1519 770

130 1541 296 1623 ancipites
318 1549 483 1606 steterunt
505 1561 601 1606 casus
624 1539 683 1604 sed
707 1548 860 1623 tempora
883 1559 1017 1623 pugnae

131 1665 224 1709 mors
246 1645 361 1710 tenuit
407 1645 627 1730 nequeenim
651 1644 744 1709 licuit
767 1664 957 1728 procurrere
979 1652 1096 1708 contra

131 1759 166 1814 et
190 1750 330 1814 miscere
352 1769 480 1815 manus.
525 1750 573 1814 sic
596 1749 744 1832 undique
766 1757 884 1832 saepta
907 1749 1062 1814 iuuentus

130 1852 322 1916 comminus
344 1851 488 1937 obliquis
511 1861 545 1916 et
567 1852 665 1917 rectis
687 1851 816 1916 eminus
839 1851 943 1916 hastis

132 1955 305 2020 obruitur:
336 1977 402 2020 non
427 1956 618 2022 uolneribus
641 1978 702 2021 nec
726 1957 897 2040 sanguine,
921 1955 1029 2022 solum
1105 1968 1165 2038 775

130 2057 278 2124 telorum
301 2059 417 2124 nimbo
440 2061 586 2144 peritura
609 2080 649 2123 ac
671 2059 820 2143 pondere
842 2059 926 2124 ferri.

130 2181 213 2246 ergo
236 2164 324 2226 acies
346 2172 461 2230 tantae
483 2184 623 2247 paruom
647 2165 833 2248 spissantur
855 2165 889 2228 in
912 2164 1048 2228 orbem:

131 2285 172 2328 ac
193 2266 222 2329 si
245 2266 319 2350 quis
344 2275 497 2331 metuens
520 2267 668 2332 medium
691 2269 853 2351 correpsit
876 2267 909 2331 in
934 2287 1054 2350 agmen

56 2362 62 2379 ’
131 2370 192 2433 uix
216 2371 353 2454 impune
373 2392 452 2435 suos
472 2372 558 2436 inter
579 2371 783 2437 conuertitur
804 2392 908 2436 enses.

131 2474 359 2556 densaturque
380 2473 509 2558 globus,
531 2485 695 2558 quantum
716 2475 803 2559 pede
825 2475 933 2558 prima
956 2473 1061 2538 relato
1106 2474 1170 2555 780

131 2577 335 2640 constrinxit
357 2597 459 2660 gyros
482 2578 579 2642 acies.
623 2597 691 2642 non
714 2597 807 2642 arma
831 2577 987 2642 mouendi

132 2681 200 2744 iam
225 2680 316 2744 locus
339 2688 390 2743 est
413 2682 544 2763 pressis,
567 2681 758 2764 stipataque
781 2679 931 2744 membra
954 2689 1124 2744 teruntur:

132 2783 297 2866 frangitur
318 2791 486 2848 armatum
509 2783 626 2848 colliso
649 2792 785 2866 pectore
807 2793 932 2866 pectus.

132 2905 202 2950 non
225 2896 296 2950 tam
319 2884 407 2950 laeta
430 2886 508 2950 tulit
530 2887 636 2951 uictor
658 2886 848 2970 spectacula
872 2887 1010 2950 Maurus

130 3011 235 3074 quarn
260 2991 408 3055 Fortuna
430 2991 553 3056 dabat:
583 2991 703 3055 fluuios
726 3011 793 3054 non
816 2989 871 3054 ille
893 2990 1017 3054 cruoris
1105 2992 1166 3071 785

133 3093 429 3178 membrorumque
451 3095 545 3160 uidet
567 3095 698 3180 lapsum
722 3104 755 3160 et
778 3093 929 3159 ferientia
951 3103 1073 3159 terram

75 3315 134 3379 761.
169 3315 343 3379 uolnerrlus]
337 3331 378 3366 1..e
395 3332 423 3367 as
440 3317 484 3367 the
500 3333 572 3382 spurs
589 3332 631 3367 are
671 3325 716 3368 not
729 3318 801 3404 hang
815 3317 938 3368 balanced
953 3325 979 3368 at
991 3317 1043 3367 all'
1037 3335 1063 3368 ιιι
1074 3318 1117 3368 the
1127 3317 1219 3368 herard
1231 3320 1260 3369 of

40 3398 75 3432 no
96 3399 151 3440 use,
172 3383 232 3446 they
251 3390 291 3446 try
308 3390 334 3432 to
352 3381 397 3432 stir
415 3399 449 3448 up
464 3383 529 3433 their
546 3383 632 3433 horses
672 3384 743 3442 war’,
764 3383 804 3434 ie.
817 3383 836 3434 it
849 3384 1255 3435 wasamassacreratherthana

39 3448 104 3497 with
117 3448 184 3498 their
194 3449 298 3498 swords.
670 3450 758 3499 battle

75 3512 135 3577 762.
171 3530 247 3578 nequs
264 3512 341 3574 enim]
377 3512 430 3562 ‘lor
450 3512 509 3578 they
528 3512 579 3563 had
598 3529 632 3563 no
706 3527 759 3577 774·
798 3515 947 3576 conminus]
968 3515 1015 3578 ‘by
1032 3513 1147 3578 sidelong
1163 3515 1255 3565 sword·

39 3595 130 3644 power
142 3587 169 3629 to
181 3579 239 3628 rusb
251 3579 300 3628 and
313 3579 404 3643 charge
416 3578 458 3628 the
469 3577 530 3628 loe’.
670 3579 751 3630 blows
761 3585 787 3630 at
798 3579 866 3630 close
876 3588 988 3645 quarters
1003 3579 1053 3629 and
1068 3595 1152 3644 spears
1167 3581 1256 3631 hurled

74 3645 136 3707 764.
169 3661 181 3693 s
235 3660 299 3694 nm.
304 3643 435 3705 Qdonar]
438 3659 508 3694 savos
528 3644 581 3694 him
603 3661 632 3696 so
673 3642 1026 3710 straightlromadistance'.

36 3709 105 3775 long
124 3726 140 3759 a
111 3645 238 3770 45661111,
256 3709 289 3759 cs.
306 3721 335 3758 vl
354 3711 393 3772 58.
428 3709 474 3760 Sil.
487 3709 546 3759 Ital.
560 3712 630 3774 1487
706 3723 760 3775 775
796 3726 847 3760 non
866 3710 1045 3772 uolneribus1¹
1050 3725 1106 3760 sure
1125 3717 1153 3760 to
1172 3711 1256 3775 perish

37 3776 230 3839 niualem&
175 3776 289 3839 Pyrenen
382 3789 427 3838 que
443 3775 491 3824 ribi
506 3791 559 3824 mea
575 3775 632 3825 dex·
671 3787 716 3826 not
727 3776 828 3841 onlyb
837 3777 941 3825 wounds
950 3777 999 3825 and
1008 3775 1155 3836 bloodshed
1166 3777 1211 3826 but
1222 3778 1257 3841 117

38 3849 95 3889 tera
117 3841 202 3889 dmat.
235 3840 293 3889 Vel
307 3775 396 3889 Fssess.
374 3851 492 3904 c1473
514 3841 591 3890 donat
611 3849 633 3891 et
671 3841 714 3891 the
725 3841 800 3892 cloud
812 3840 841 3890 ol
853 3842 958 3891 missiles
969 3842 1019 3890 and
1031 3841 1074 3890 the
1085 3857 1152 3891 mere
1163 3841 1256 3907 weight

36 3907 142 3971 Iphiclo
152 3905 281 3970 pelagus
269 3921 438 3971 ramumque
452 3905 545 3956 laborer
558 3909 630 3956 Aeso·
672 3905 786 3964 oliron’,
798 3907 838 3956 i..e
853 3906 1157 3972 fallingontheirheads
1187 3908 1253 3959 Oud.

671 3971 703 4022 cl
721 3973 785 4023 Stat.
802 3971 883 4022 Theb.
901 3983 955 4021 11111
971 3989 1020 4039 ⁴¹9
1035 3973 1254 4023 memoriter

39 3973 137 4100 mde66
163 4041 278 4124 terraque
287 4035 378 4096 soluta]
393 4035 488 4086 asthe
498 4037 569 4087 earth
581 4053 632 4086 was
672 4053 729 4087 ram
740 4039 811 4098 telas
821 4054 850 4086 an
861 4045 960 4101 corpora
964 4037 1069 4102 serrum
1080 4054 1151 4088 omne
1161 4039 1234 4088 cadat

39 4101 146 4151 broken
157 4101 212 4166 up
248 4101 281 4152 cl.
299 4101 374 4168 Verg.
395 4101 428 4152 G.
445 4113 505 4166 144
514 4103 601 4166 putus
610 4119 636 4152 re
706 4116 762 4170 779·
795 4103 916 4164 suos]i..e
928 4119 1040 4152 samm.

33 4167 130 4232 glaeba
141 4167 247 4216 resoluat.
707 4171 762 4231 780.
795 4168 930 4233 qnantum]
957 4169 1013 4218 ‘the
1034 4183 1104 4218 more
1126 4167 1169 4219 the
1190 4169 1257 4220 front

76 4231 137 4294 767.
171 4231 340 4294 Bistonr'oJci.
354 4232 419 4282 Hor.
431 4248 506 4282 carm.
518 4245 590 4282 1111111
604 4249 632 4283 rr
672 4185 845 4284 rankasrt
815 4233 905 4283 retrred
918 4235 986 4290 drew
996 4235 1064 4284 close
1075 4234 1117 4284 the
1128 4234 1224 4285 crrcle

42 4298 158 4347 structo
175 4297 306 4348 bacchante
327 4299 409 4361 mqqa's
427 4297 472 4348 snb
492 4298 634 4348 interlunia
707 4299 763 4362 784.
797 4315 847 4348 non
865 4305 917 4347 tam
934 4299 1010 4362 laeta]
1031 4299 1086 4349 ‘the
1103 4300 1257 4366 conquering

36 4369 131 4414 uento.
673 4364 762 4414 Moors
772 4364 817 4413 did
828 4371 873 4413 not
887 4379 929 4413 see
945 4365 1006 4414 such
1016 4381 1032 4415 a
1040 4364 1121 4429 joyful
1132 4367 1257 4434 spectacle

76 4441 138 4492 770.
162 4427 343 4493 mdlodubr'r]‘
349 4427 465 4480 doubtful
473 4429 580 4482 chauces
589 4429 632 4480 drd
673 4445 701 4480 as
714 4430 824 4482 Fortune
836 4429 912 4498 really
923 4429 1006 4500 gave
