3010 4944
479 344 910 430 HOERX4mar
1239 356 1298 437 ab

176 512 241 576 iarn
266 533 370 595 prope
393 520 562 576 semustae
586 522 781 594 merguntur
804 514 838 576 in
861 535 1007 598 aequore
1030 516 1162 595 classeS,

176 615 308 696 iamque
332 615 444 678 hostes
468 624 501 677 et
526 613 593 677 tela
617 624 745 678 natant.
791 636 852 679 nec
875 617 1043 700 puppibus
1066 619 1152 702 ignis

176 716 325 780 incubuit
349 717 445 780 solis:
476 717 535 780 sed
559 737 644 798 quae
669 717 778 780 uicina
802 716 892 780 luere

176 828 266 884 tecta
289 822 371 884 mari
396 821 505 902 longis
529 841 666 902 rapuere
690 821 870 903 uaporibus
894 821 1026 904 ignem:

176 933 210 988 et
233 923 362 989 cladem
387 925 498 988 fouere
523 925 614 1000 Noti,
638 945 859 1008 percussaque
881 924 1018 990 flamma
1152 942 1215 1010 500

177 1029 309 1092 turbine
332 1049 398 1092 non
423 1029 488 1092 alio
512 1038 604 1092 motu
629 1050 688 1111 per
710 1038 800 1092 tecta
822 1030 966 1092 cucurrit

176 1153 277 1215 quam
301 1132 386 1196 solet
410 1131 558 1196 aetherio
582 1131 710 1214 lampas
734 1133 915 1196 discurrere
937 1133 1031 1199 sulco

177 1237 383 1319 materiaque
405 1257 520 1300 carens
543 1247 644 1318 atque
668 1236 787 1299 ardens
810 1257 886 1300 aere
908 1237 988 1302 solo.

177 1341 234 1405 illa
257 1341 328 1405 lues
350 1341 462 1404 clausa
485 1340 621 1423 paulum
646 1340 814 1403 reuocauit
837 1339 880 1403 ab
903 1340 980 1404 aula

176 1445 322 1508 urbisin
346 1443 510 1506 auxilium
533 1441 684 1525 populos.
730 1463 792 1506 nec
814 1451 967 1526 tempora
990 1444 1094 1509 cladis
1151 1459 1209 1528 505

176 1549 322 1631 perdidit
344 1548 377 1609 in
401 1566 546 1622 somnos,
570 1547 628 1610 sed
652 1567 752 1610 caeca
775 1557 874 1610 nocte
896 1547 1018 1611 carinis

176 1653 301 1716 insiluit
325 1651 458 1728 Caesar,
481 1671 613 1734 semper
636 1651 774 1716 feliciter
798 1672 875 1715 usus

176 1757 348 1840 praecipiti
372 1777 469 1820 cursu
493 1755 656 1819 bellorum
680 1764 714 1818 et
736 1764 887 1837 tempore
910 1765 1016 1838 rapte.

175 1871 247 1925 tum
271 1860 452 1924 claustrum
475 1859 585 1942 pelagi
610 1860 699 1942 cepit
723 1857 863 1923 Pharon.
895 1860 1005 1924 insula
1028 1860 1198 1944 quondam

175 1964 210 2027 in
233 1964 344 2027 medio
368 1963 460 2026 stetit
483 1962 540 2026 illa
563 1963 645 2025 mari
668 1962 732 2027 sub
753 1970 905 2044 tempore
928 1963 1015 2026 uatis
1148 1976 1212 2042 510

176 2069 333 2131 Proteos:
364 2076 399 2130 at
422 2087 509 2130 nunc
532 2074 583 2129 est
608 2065 745 2129 Pellaeis
768 2066 925 2150 proxima
949 2066 1059 2132 muris.

175 2172 232 2235 illa
254 2173 330 2236 duci
353 2173 505 2254 geminos
529 2170 692 2234 bellorum
715 2172 881 2254 praestitit
904 2192 1000 2236 usus:

175 2275 313 2339 abstulit
335 2295 495 2338 excursus
519 2283 553 2338 et
575 2274 687 2338 fauces
710 2275 862 2358 aequoris
885 2274 973 2338 hosti
981 2295 989 2353 ;

176 2379 327 2444 Caesaris
350 2378 484 2441 auxiliis
507 2379 618 2442 aditus
642 2399 680 2442 ac
703 2378 808 2442 libera
830 2380 924 2462 ponti

174 2484 260 2546 ostia
282 2483 440 2564 permisit.
485 2502 546 2545 nec
569 2501 695 2565 poenas
718 2481 795 2545 inde
820 2481 952 2546 Pothini
1147 2496 1206 2564 515

174 2588 304 2652 distulit
327 2586 483 2651 ulterius:
514 2588 572 2650 sed
596 2607 663 2650 non
687 2607 753 2670 qua
776 2586 891 2651 debuit
914 2589 962 2652 ira

174 2713 240 2755 non
264 2712 360 2755 cruce
383 2712 449 2754 non
474 2689 618 2754 flammis
642 2691 759 2754 rabido
783 2711 850 2754 non
874 2692 976 2754 dente
999 2690 1161 2755 ferarum:

173 2797 238 2860 heu
262 2796 397 2872 facinuS,
420 2796 536 2859 ceruix
559 2795 674 2878 gladio
697 2795 784 2858 male
808 2815 905 2859 caesa
927 2797 1109 2878 pependit:

173 2901 290 2983 Magni
314 2911 421 2964 morte
444 2901 537 2982 perit.
584 2920 714 2963 necnon
737 2899 896 2982 subrepta
918 2900 1044 2982 paratis

172 3024 192 3066 a
215 3001 340 3066 samulo
364 3002 563 3085 Ganymede
586 3001 673 3065 dolis
695 3003 847 3085 peruenit
870 3003 912 3066 ad
936 3001 1049 3066 hostes
1146 3017 1209 3083 520

174 3107 326 3172 Caesaris
349 3107 511 3170 Arsinoe:
541 3127 629 3190 quae
651 3116 760 3171 castra
783 3108 930 3172 carentia
952 3127 1030 3190 rege

173 3222 210 3276 ut
232 3213 342 3296 proles
366 3213 480 3296 Lagea
502 3197 595 3276 tenet
618 3211 847 3296 famulumque
869 3214 1004 3295 tyranni

172 3317 353 3380 terribilem
376 3319 464 3382 iusto
487 3318 648 3401 transegit
671 3317 826 3382 Achillea
848 3317 942 3382 serre.

171 3421 285 3499 altera,
310 3423 444 3504 Magne,
467 3423 532 3486 tuis
556 3424 622 3486 iam
646 3423 782 3487 uictima
806 3423 949 3488 mittitur
970 3421 1123 3508 umbris:

351 3585 357 3609 Ι
772 3582 779 3600 Ι

82 3598 189 3700 wiiriiis
201 3601 241 3699 sii
252 3583 512 3714 esbrr‘ebdihaguliiiit’lp
532 3584 576 3635 the
595 3584 670 3635 name
710 3587 1010 3712 “hhnhxobtwnbhil¹i.e.
1028 3651 1048 3700 it
1066 3667 1117 3701 was
1133 3667 1191 3701 now
1205 3651 1292 3716 joined

118 3731 175 3778 501.
209 3731 260 3764 non
272 3715 324 3763 alio
335 3714 414 3775 motu]
428 3717 467 3764 ‘as
479 3713 591 3780 swinly’.
708 3723 735 3766 to
746 3715 789 3766 the
800 3716 929 3766 mainland
941 3717 975 3781 by
986 3733 1002 3766 a
1013 3716 1088 3766 mole.

117 3797 175 3844 502.
208 3779 332 3855 sulco]¹cf.
346 3781 422 3844 Verg.
437 3781 503 3829 Aen.
517 3779 605 3848 11697,
620 3779 669 3846 698
742 3782 796 3843 518.
840 3782 915 3868 male]
934 3783 1081 3846 ‘wrongly',
1105 3784 1145 3832 ‘as
1163 3782 1182 3832 it
1201 3784 1292 3834 should

82 3857 137 3896 tum
151 3849 222 3910 longo
233 3847 315 3895 limate
323 3847 406 3894 sulcus
416 3847 461 3894 dot
471 3846 556 3895 lucem.
707 3853 752 3895 not
763 3846 827 3896 have
839 3847 903 3896 been
918 3881 924 3894 .

81 3911 669 4028 alliodliii?‘llfflillhlmfflng
707 3925 796 4026 scili
841 3913 935 3976 ΜΨ
952 3912 1039 3974 Μ’]
1058 3912 1127 3978 qun
1148 3913 1291 3978 hm·

117 4057 173 4106 505.
209 4043 297 4104 cladis]
320 4058 355 4091 sc.
379 4043 421 4092 the
444 3991 556 4106 buming5
576 4042 605 4092 ol
625 4043 668 4092 the
741 4056 795 4105 521.
832 4041 950 4103 Arsinoe]
980 4041 1036 4092 The
1051 4059 1162 4108 younger
1177 4043 1250 4095 sister
1266 4045 1296 4096 ol

80 4109 152 4172 ships
163 4109 213 4156 and
226 4108 283 4157 fires
294 4109 319 4156 in
332 4108 375 4156 the
387 4117 462 4157 town.
708 4108 851 4171 Cleopatra.

115 4187 172 4237 507.
197 4173 300 4237 semper]
307 4173 340 4222 cs.
349 4173 391 4222 the
399 4173 528 4223 character
536 4173 565 4222 of
574 4173 666 4223 Caesar
739 4173 850 4222 carentia
867 4172 929 4236 rege]
946 4173 987 4222 i.e.
1005 4174 1112 4222 because
1125 4174 1218 4224 Caesar
1229 4175 1291 4241 kept

81 4252 246 4301 1143-157.
707 4238 749 4287 the
761 4254 846 4302 young
857 4238 901 4286 kin
930 4239 991 4287 with
1003 4239 1190 4289 himosahost
1224 4257 1244 4290 e.

115 4317 172 4367 510.
203 4307 231 4353 in
244 4303 333 4365 medio]
345 4303 376 4353 cf.
391 4305 470 4353 Hom.
484 4303 563 4367 Odys.
577 4315 606 4352 1v
619 4319 667 4368 354
740 4319 795 4367 5²3·
832 4254 956 4364 Achiilea]
968 4303 1005 4352 lor
1016 4304 1149 4364 Achillam
1161 4257 1292 4369 εοιέέρξεα

79 4387 134 4434 seq.
154 4367 225 4428 νῆσος
242 4367 328 4418 ἔπειτά
338 4387 374 4419 τις
385 4371 439 4418 ἔστι
456 4371 618 4430 πολυκλύστῳ
632 4371 667 4418 ἐνὶ
706 4369 727 4418 is
742 4369 804 4418 used
816 4369 849 4432 by
862 4369 959 4419 Herod.
975 4381 1017 4419 Vll
1030 4389 1046 4434 4
1057 4385 1085 4421 as
1097 4371 1140 4421 the
1151 4371 1292 4422 accusative

79 4437 165 4496 πόντῳ
182 4435 308 4494 Αἰγύπτου
332 4433 489 4498 προπάροιθε,
511 4435 590 4498 Φάρον
609 4437 635 4484 δέ
655 4436 667 4484 ἐ
706 4433 735 4483 os
743 4432 840 4498 Ξέρξης.

170 4539 206 4591 Η.
217 4541 247 4593 L.
872 4599 874 4602 ,
1160 4541 1198 4610 25
