3060 4956
469 383 615 448 LIBER
647 383 693 450 11.
722 385 882 465 64—100.

158 552 189 615 si
213 549 295 615 libet
317 547 429 613 ulcisci
452 547 585 612 deletae
607 545 724 611 lunera
745 545 856 630 gentis

159 653 259 731 hunc,
283 651 419 729 Cimbri,
441 660 572 716 seruate
595 671 719 716 senem.
764 669 831 714 non
854 649 909 715 ille
933 649 1046 718 fauore
1156 655 1195 734 85

160 758 318 836 numinis,
340 757 467 841 ingenti
490 775 648 840 superum
671 763 841 839 protectus
864 756 907 820 ab
930 757 986 834 ira,

160 863 213 926 uir
236 862 323 927 ierus
346 871 380 926 et
404 862 550 926 Romam
574 860 721 946 cupienti
744 861 882 944 perdere
904 861 974 926 lato

160 963 337 1029 sufficiens.
383 965 473 1029 idem
496 963 618 1048 pelago
641 962 773 1028 delatus
796 965 910 1048 iniquo

161 1067 321 1132 hostilem
345 1068 378 1132 in
401 1076 524 1132 terram
547 1067 730 1151 uacuisque
754 1067 942 1151 mapalibus
964 1077 1058 1132 actus

162 1172 256 1236 nuda
277 1169 473 1254 triumphati
496 1171 598 1234 iacuit
621 1190 681 1254 per
703 1189 806 1252 regna
830 1170 1012 1254 Iugurthae
1157 1189 1201 1254 90

163 1284 200 1340 et
224 1275 355 1338 Poenos
378 1273 498 1357 pressit
520 1273 655 1338 cineres.
700 1273 825 1337 solacia
847 1272 906 1338 fati

165 1377 345 1462 Karthago
368 1379 560 1462 Mariusque
583 1377 696 1442 tulit:·
711 1377 902 1462 pariterque
926 1378 1071 1443 iacentes

136 1481 325 1564 'ignouere
347 1481 429 1546 deis.
476 1481 621 1564 Libycas
645 1481 690 1544 ibi
714 1480 843 1564 colligit
866 1481 939 1545 iras.

163 1593 203 1649 ut
227 1585 372 1668 primum
396 1583 638 1650 saturareris
661 1583 793 1648 seruilia
816 1581 916 1648 soluit

165 1689 323 1772 agmina:
353 1687 499 1753 conflato
522 1709 641 1752 saeuas
663 1688 832 1772 ergastula
855 1687 941 1752 ferro
1158 1701 1198 1771 95

164 1813 343 1857 exseruere
366 1813 492 1858 manus
537 1793 619 1857 nulli
642 1795 807 1876 gestanda
830 1793 997 1858 dabantur

164 1898 263 1980 signa¹
285 1899 389 1976 ducis,
411 1899 474 1962 nisi
496 1899 554 1981 qui
577 1897 739 1962 scelerum
763 1899 829 1962 iam
852 1897 975 1962 iecerat
997 1919 1093 1962 usum

165 2001 392 2084 attuleratque
415 2001 448 2064 in
472 2010 580 2066 castra
604 2001 706 2066 nefas.
752 2021 813 2084 pro
835 2001 922 2066 lata:
945 2001 1019 2084 quis
1042 2001 1104 2078 ille,

165 2105 243 2187 quis
266 2105 328 2170 luit
351 2106 406 2170 ille
427 2107 508 2184 dies,
531 2105 657 2170 Marius
680 2127 747 2190 quo
770 2105 903 2170 moenia
925 2107 1032 2172 uictor

166 2211 344 2293 corripuit:
371 2221 564 2295 quantoque
586 2212 692 2296 gradu
716 2233 806 2276 mors
820 2233 930 2276 saeua
953 2212 1104 2276 cucurrit.
1144 2227 1204 2275 roo

110 2400 150 2460 85.
189 2413 241 2448 non
263 2397 305 2446 ille
320 2397 420 2462 fauore]
443 2397 513 2448 illum
536 2414 587 2448 non
610 2398 667 2449 ideo
707 2399 807 2448 leamed
819 2404 846 2447 to
857 2397 952 2462 forgive
963 2398 1006 2448 the
1015 2396 1101 2463 gods’.

78 2471 208 2514 seruarunt
225 2463 271 2520 dii.
284 2463 351 2527 quod
368 2463 391 2514 ei
407 2461 526 2522 haereat,
539 2465 583 2514 sed
600 2463 667 2529 quod
739 2477 780 2528 93.
813 2463 926 2526 Libycas]
949 2463 1044 2512 Marius
1067 2463 1088 2514 is
1108 2463 1243 2528 compared
1266 2471 1292 2513 to

81 2530 178 2578 Romae
189 2529 361 2578 irascerentur.
395 2529 489 2578 Weise.
707 2529 827 2586 Antaeus,
835 2529 873 2578 lor
882 2529 966 2578 whose
977 2529 1066 2592 legend
1078 2545 1120 2579 see
1132 2529 1290 2592 1v595ioll.:

112 2593 150 2643 86.
186 2593 219 2642 ab
235 2593 287 2654 ira]
305 2593 429 2658 ‘through
447 2593 490 2644 the
511 2593 618 2658 anger’;
643 2595 669 2653 ἐξ
706 2595 739 2644 he
758 2593 858 2659 gethers
876 2594 940 2643 from
960 2595 1003 2643 the
1022 2595 1068 2644 soil
1087 2593 1115 2643 oi
1135 2595 1221 2644 Africa
1238 2593 1293 2659 bury

81 2657 172 2719 ipris:
191 2659 223 2708 ci.
242 2659 320 2723 Verg.
338 2660 368 2708 G.
388 2671 457 2720 1234
469 2659 567 2708 torrida
577 2667 670 2722 semper
707 2661 803 2724 against
821 2659 903 2709 Rome
919 2659 980 2708 such
997 2675 1024 2709 as
1042 2659 1172 2709 Hannibal
1189 2659 1237 2708 and
1248 2659 1292 2724 Ju-

81 2725 184 2789 abigni.
213 2725 305 2774 Ov.A.
320 2725 671 2791 A.11191silicestenuanlur
707 2725 797 2790 gurtha
816 2725 865 2774 had
885 2725 978 2783 shewn,
1005 2725 1073 2774 ‘true
1092 2725 1196 2774 African
1216 2724 1289 2788 iury’.

81 2789 110 2836 ab
126 2807 186 2838 usu.
221 2789 262 2838 Id.
278 2791 366 2839 Amor.
379 2801 400 2838 11
413 2805 446 2838 xv
461 2806 489 2850 14
499 2791 575 2856 inque
585 2791 669 2839 sinrcm
708 2791 775 2840 Oud.
788 2789 819 2839 cs.
833 2790 921 2839 Manli.
938 2801 967 2838 ιν
979 2793 1075 2854 44-48
1089 2791 1156 2839 adite
1170 2799 1194 2840 et
1204 2791 1293 2840 ciuilia

82 2857 147 2903 mira
158 2856 236 2904 lanus
247 2854 278 2903 ab
288 2861 342 2904 arte
352 2855 446 2904 cadam
708 2855 769 2905 bella
786 2861 809 2904 et
830 2855 960 2904 Cimbmm
978 2855 1007 2903 in
1024 2856 1111 2904 Mario
1128 2857 1294 2922 Mariumque

112 2921 153 2983 87.
184 2919 319 2984 uirserus]
333 2919 580 2970 ‘amanosblood'.
709 2922 737 2970 in
765 2937 859 2970 carcere
879 2922 991 2970 uictum:
1018 2921 1085 2986 quad
1100 2921 1188 2970 consul
1206 2923 1294 2971 tolt'tm

113 2988 153 3036 88.
183 2985 316 3050 suffia'ens]
329 2983 668 3036 ‘asufficientinsrmmentl
708 2987 825 3051 exsulque
841 3002 872 3035 ex
887 2989 971 3036 maele
980 2987 1067 3035 cmmcl
1074 2993 1097 3036 et
1107 2987 1187 3035 eiemit
1197 2987 1294 3050 Libycis

113 3051 153 3117 89.
191 3051 314 3112 hostilem]
330 3049 376 3101 ie.
394 3050 488 3110 Africa,
503 3051 545 3100 the
559 3050 674 3100 homeoi
708 3059 807 3116 compar
823 3053 921 3100 iactura
940 3053 1033 3108 minis,
1051 3068 1109 3117 eque
1129 3053 1295 3117 crepidinibus

80 3116 225 3180 Jugurtha:
243 3116 313 3166 there
330 3131 409 3166 seems
423 3116 670 3166 tobesomeconsu·
709 3119 770 3182 cepit
781 3117 883 3166 Kartha
907 3117 1049 3166 nisorbem.

81 3182 135 3230 sion
158 3181 275 3230 between
297 3181 340 3232 the
359 3181 539 3246 Carthaginien
557 3181 672 3244 territory
741 3181 844 3247 colligit]
860 3197 890 3232 c.
904 3189 963 3231 note
974 3198 1007 3230 on
1021 3195 1030 3231 1
1044 3195 1099 3245 207.

82 3247 131 3296 and
147 3247 194 3296 the
210 3247 333 3312 kingdom
349 3245 379 3295 oi
392 3247 531 3311 Jugurtha;
554 3247 586 3296 cl.
605 3247 670 3296 Hor.
741 3261 781 3312 94.
814 3247 900 3308 soluit]
928 3248 1053 3312 Compare
1061 3247 1127 3297 what
1140 3247 1228 3298 Cicero
1239 3263 1295 3312 says

82 3327 158 3361 earm.
172 3323 196 3361 11
210 3313 218 3360 i
230 3325 327 3378 15-19
339 3313 405 3361 lurra
416 3311 550 3362 etdeorum
562 3313 672 3390 quisquis
710 3313 739 3362 oi
758 3312 892 3368 Antonius,
910 3313 943 3361 ad
961 3311 1020 3361 lam.
1040 3325 1069 3361 1x
1087 3325 1142 3362 xrrr
1165 3315 1179 3372 5
1203 3331 1216 3363 a
1234 3329 1295 3378 qua·

83 3379 189 3427 animer
215 3378 292 3441 Astis
317 3378 402 3426 inulta
430 3383 530 3426 cesserat
557 3383 673 3442 impotens
710 3393 806 3442 nonque
828 3377 868 3438 iit,
887 3379 1012 3442 ergastula
1030 3379 1106 3427 soluit
1128 3379 1238 3428 domines
1253 3395 1294 3428 ar-

83 3443 178 3504 tellure,
199 3443 321 3491 autorum
339 3449 430 3507 nepotes
447 3442 546 3492 rettulit
565 3441 672 3504 infensas
710 3444 798 3508 rapuit.

83 3509 231 3572 lugierthae.
743 3522 784 3574 95.
817 3506 931 3572 conflato]
954 3508 1058 3557 ‘melted
1080 3507 1175 3570 down’,
1194 3509 1235 3558 ie.
1253 3509 1296 3558 the

116 3572 271 3638 mapalibus]
288 3572 318 3622 cl.
338 3571 405 3622 Vell.
424 3573 477 3622 Pat.
500 3583 522 3620 11
537 3585 566 3636 19
578 3571 672 3636 inopem
711 3573 797 3622 chains
809 3572 838 3621 oi
850 3573 892 3622 the
906 3573 986 3622 slaves
1002 3573 1027 3622 in
1042 3574 1084 3622 the
1095 3575 1220 3637 ergastula
1232 3590 1296 3624 were

86 3639 163 3687 wem
176 3639 320 3702 hugus-io
330 3639 469 3686 ruinarum
486 3637 673 3701 Karthaginem·
712 3638 805 3688 melted
819 3639 894 3687 down
911 3647 938 3688 to
955 3638 1018 3688 form
1036 3655 1170 3704 weapons:
1187 3639 1225 3688 lor
1242 3655 1295 3688 con·

86 3705 150 3752 num
168 3703 296 3754 tolerarit.
332 3703 472 3767 mapalibus
487 3703 509 3752 is
530 3703 622 3758 dative,
640 3702 672 3751 cl.
705 3701 773 3766 flare
790 3703 821 3752 cs.
838 3703 896 3767 Jnv.
914 3715 966 3752 xrrr
988 3717 1033 3767 153
1051 3721 1086 3753 an
1101 3704 1193 3753 dubitet
1210 3705 1298 3754 solitus

88 3769 150 3818 lior.
168 3783 249 3819 carm.
267 3781 284 3818 1.
310 3767 369 3817 xxiv
389 3770 418 3818 18
440 3769 512 3832 nigro
533 3767 675 3832 compulerit
711 3775 789 3817 latrem
801 3769 906 3833 conflare
922 3769 1076 3818 Tonantem?

87 3833 233 3883 Mercurius
246 3835 321 3898 gregi.
358 3833 397 3882 Id.
416 3833 469 3883 Sat.
483 3845 503 3882 11
516 3849 531 3881 v
544 3833 674 3897 49siqnis
744 3833 785 3898 96.
818 3832 954 3895 exseruere]
968 3835 1047 3897 ‘gave
1058 3833 1114 3900 up’.

87 3915 155 3947 canes
161 3907 272 3964 puerum
283 3901 359 3964 egerit
372 3900 440 3949 Orco.
745 3913 785 3964 97.
820 3901 873 3948 nisi
888 3901 936 3963 qui
952 3899 1080 3961 scelerum]
1100 3905 1174 3949 ‘save
1195 3907 1223 3949 to
1245 3899 1297 3950 him

119 3979 159 4026 90.
196 3965 277 4026 nuda]
289 3964 374 4014 Weise
385 3963 499 4029 explains
510 3963 674 4013 thisasnuda
711 3963 770 4012 who
791 3963 842 4013 had
865 3965 966 4028 already
987 3966 1077 4029 gained
1103 3965 1249 4030 experience
1272 3967 1298 4016 in

89 4030 179 4078 mma:
196 4030 215 4078 it
231 4045 313 4079 seems
329 4029 411 4078 rather
428 4037 455 4078 to
471 4043 545 4078 mean
563 4027 674 4087 ‘waste¹,
712 4029 797 4086 crime,
814 4029 864 4079 and
884 4029 991 4094 brought
1008 4038 1035 4079 to
1052 4030 1095 4080 the
1117 4047 1190 4096 camp
1212 4032 1297 4096 ready·

93 4093 251 4156 ‘desolate’;
267 4093 299 4144 ci.
319 4095 394 4158 Verg.
415 4093 470 4143 Ecl.
490 4105 499 4141 1
521 4107 548 4156 ¹5
565 4095 631 4144 silice
647 4095 674 4142 in
713 4095 786 4143 made
797 4094 860 4160 guill
868 4093 883 4142 ¹.

91 4161 167 4211 nuda.
750 4173 802 4210 roo.
838 4159 971 4224 omnn'puit]
1000 4159 1100 4210 ‘seired
1127 4176 1195 4224 upon
1205 4159 1221 4210 ’.
1265 4163 1297 4212 cl.

121 4239 161 4290 92.
198 4225 269 4286 tulit]
291 4239 325 4274 sc.
351 4225 416 4273 alter
436 4223 526 4280 alteri:
553 4223 584 4273 cl.
609 4223 674 4273 Vell.
713 4224 1298 4288 Verg.hen.1187‚188eonstititbicarcum·

93 4291 145 4340 Pat.
164 4301 186 4340 rt
207 4305 236 4354 19
252 4305 308 4339 cuns
319 4290 423 4338 Mam'us
433 4289 551 4353 aspsin'em
562 4289 674 4338 Kartba·
713 4306 760 4354 que
771 4306 850 4339 manu
862 4291 991 4354 celeresque
1001 4293 1105 4354 sagittas
1115 4293 1243 4356 corripuit.

88 4358 180 4421 ξένια,
198 4357 245 4404 illa
261 4358 363 4404 inlunis
378 4355 504 4415 Marium,
523 4355 587 4404 alter
603 4355 677 4403 alteri
742 4355 837 4418 gradu]
871 4356 902 4405 ei.
922 4357 1201 4419 Hor.carm.1iii3n
1225 4373 1297 4407 senso·

89 4429 185 4486 possent
193 4438 240 4471 esse
248 4422 345 4470 solaciis.
714 4421 782 4484 tique
792 4422 868 4484 prius
884 4421 957 4471 tarda
973 4424 1098 4472 mcessilas
1114 4422 1160 4472 leti
1179 4424 1301 4489 carm'prsit

119 4488 266 4552 pariterque
285 4485 397 4548 incurtes]
417 4485 482 4534 ‘and
502 4483 569 4534 alilre
589 4485 675 4534 ruined
711 4486 829 4550 gradano.
