2966 4948
430 345 576 414 LIBER
607 347 673 418 111.
702 349 885 433 685-735.
1203 369 1258 420 ιιι

142 506 342 592 Lygdamus
365 532 508 577 excussa
532 511 679 577 Balearis
702 521 809 577 tortor
830 513 981 578 habenae
1112 529 1177 596 710

138 609 266 694 glande
288 623 406 698 petens
429 615 538 680 solido
561 615 660 700 fregit
682 638 766 682 caua
787 625 941 702 tempora
963 615 1111 701 plumbo,

139 715 278 780 sedibus
300 717 442 802 expulsi,
465 729 646 804 postquam
669 741 765 786 cruor
787 721 902 786 omnia
924 721 1013 805 rupit

139 821 286 901 uincula,
308 825 532 907 procumbunt
554 825 659 890 oculi:
689 835 757 891 stat
779 826 905 892 lumine
927 836 1024 911 rapto

138 927 314 992 adtonitus
336 931 521 1014 mortisque
544 929 617 995 illas
639 939 737 1015 putat
759 951 832 995 esse
854 930 1016 996 tenebras

138 1041 178 1098 at
200 1042 380 1118 postquam
404 1035 563 1101 membris
586 1037 691 1102 sensit
712 1045 866 1102 constare
888 1037 1046 1122 uigorem,
1113 1049 1175 1119 715

139 1157 213 1214 uos,
236 1137 292 1214 ait,
315 1159 336 1202 ο
358 1139 451 1216 socii,
474 1139 561 1205 sicut
583 1149 752 1206 tormenta
774 1141 898 1217 soletis,

139 1261 198 1305 me
220 1263 354 1327 quoque
377 1243 550 1308 mittendis
573 1251 700 1308 rectum
724 1245 916 1328 componite
938 1244 1021 1310 telis.

139 1365 242 1428 egere
264 1347 356 1428 quod
380 1356 532 1430 superest
554 1347 696 1426 animae,
720 1347 902 1432 Tyrrhene,
926 1369 985 1433 per
1006 1370 1123 1414 omnes

138 1447 307 1512 bellorum
331 1469 435 1514 casus.
481 1451 653 1534 ingentem
677 1451 792 1516 militis
815 1471 912 1517 usum

138 1551 206 1616 hoc
229 1552 332 1617 habet
355 1574 400 1618 ex
422 1573 547 1637 magna
569 1553 766 1618 defunctum
789 1564 885 1640 parte
906 1556 1068 1622 cadauer:
1113 1569 1178 1638 720

138 1659 287 1722 uiuentis
309 1658 425 1724 feriere
447 1658 529 1724 loco.
575 1659 623 1724 sic
645 1658 734 1724 latus
755 1659 789 1724 in
812 1658 944 1726 hostem

138 1783 243 1827 caeca
265 1762 333 1828 tela
356 1783 457 1828 manu
480 1763 539 1828 sed
563 1771 769 1828 nontamen
792 1763 883 1829 irrita
906 1765 1017 1830 mittit

186 1851 320 1950 excipit¹
336 1867 419 1932 haec
442 1867 571 1932 iuuenis
593 1869 746 1950 generosi
768 1869 940 1950 sanguinis
962 1867 1076 1952 Argus

138 1989 210 2052 qua
233 1969 299 2033 iarn
324 1990 391 2034 non
415 1970 546 2034 medius
567 1971 743 2036 descendit
765 1971 799 2036 in
823 1970 880 2036 ilia
902 1981 1028 2052 uenter,

138 2075 340 2158 adiuuitque
361 2095 423 2138 suo
445 2074 669 2158 procumbens
692 2075 841 2158 pondere
864 2074 994 2142 serrum.
1113 2089 1175 2159 725

139 2177 255 2244 stabat
277 2179 409 2244 diuersa
432 2179 541 2244 uictae
563 2179 630 2244 iam
653 2188 749 2262 parte
770 2179 902 2244 carinae

139 2282 262 2347 infelix
284 2281 370 2368 Argi
392 2284 525 2367 genitor
532 2306 540 2364 ;
571 2304 639 2348 non
663 2283 718 2348 ille
740 2285 898 2350 iuuentae

137 2395 294 2471 tempore
318 2387 490 2452 Phocaicis
512 2385 571 2451 ulli
594 2407 746 2452 cessurus
768 2387 803 2452 in
826 2388 945 2453 armis:

139 2493 269 2557 uictum
292 2513 377 2557 aeuo
399 2493 499 2558 robur
520 2493 650 2582 cecidit,
674 2491 847 2576 fessusque
869 2501 1004 2558 senecta

137 2597 338 2681 exemplum
361 2617 429 2662 non
453 2597 548 2662 miles
571 2605 643 2662 erat
651 2615 659 2674 ;
690 2597 748 2680 qui
771 2595 887 2660 sunere
906 2597 982 2662 uiso
1113 2613 1178 2680 730

137 2723 243 2787 saepe
264 2697 534 2786 cadens‘longae
556 2701 666 2766 senior
687 2721 748 2784 per
769 2708 913 2764 transtra
936 2700 1068 2764 carinae

137 2808 294 2890 peruenit
317 2809 360 2872 ad
383 2807 525 2891 puppim
547 2805 772 2890 spirantisque
794 2803 922 2870 inuenit
945 2814 1044 2870 artus.

137 2931 207 2976 non
231 2911 390 2976 lacrimae
412 2911 561 2975 cecidere
582 2909 678 2994 genis
701 2928 768 2973 non
791 2917 928 2992 pectora
950 2909 1071 2989 tundit,

137 3019 297 3084 distentis
319 3027 393 3083 toto
416 3019 518 3102 riguit
540 3018 599 3082 sed
622 3036 761 3100 corpore
785 3015 913 3100 palmis.

137 3145 210 3188 nox
230 3124 321 3188 subit
341 3133 443 3207 atque
461 3121 576 3188 oculos
595 3131 711 3188 uastae
730 3119 904 3186 obduxere
922 3121 1088 3199 tenebrae,
1112 3135 1172 3204 735

81 3293 138 3344 710.
174 3281 288 3348 excussa]
313 3283 381 3335 Oud.
401 3283 433 3334 ci.
450 3284 498 3336 Ov.
514 3285 578 3335 Met.
594 3295 637 3334 vn
694 3289 778 3333 ortant
795 3289 852 3348 part
869 3281 898 3332 os
911 3299 927 3332 a
941 3281 1055 3334 soldier's
1069 3282 1151 3348 duty',
1170 3285 1213 3336 i.e.
1228 3285 1263 3350 by

51 3361 96 3412 779
108 3350 613 3414 necexmsaecontmoucrbereglandes.
708 3348 861 3414 ingemark
871 3349 910 3398 ior
921 3347 964 3398 the
974 3365 1072 3413 enemy.

81 3430 138 3476 71²·
176 3415 285 3477 sedibus]
305 3415 403 3466 ‘forced
415 3415 480 3465 from
491 3415 556 3466 their
566 3415 638 3466 sock-
711 3427 766 3478 7²4.
801 3430 852 3479 qua
869 3414 931 3476 ιἀιιι]
956 3415 1020 3464 inire
1039 3414 1185 3466 umbilicum
1201 3432 1262 3481 ergo

49 3485 92 3538 ets,
122 3479 200 3530 when
223 3479 266 3530 the
289 3481 367 3531 blood
388 3481 458 3532 burst
476 3482 511 3530 all
530 3482 574 3532 the
593 3481 640 3532 ties
677 3495 807 3546 percussus
818 3487 869 3530 ests
887 3480 934 3528 ilia
950 3489 1007 3530 sunt
1022 3480 1126 3531 aneriue
1142 3481 1205 3531 inter
1220 3498 1261 3532 ue-

49 3545 101 3594 that
112 3545 177 3595 held
189 3545 282 3598 them’.
677 3545 755 3596 sicem
777 3553 802 3595 et
824 3545 921 3595 alueum
945 3545 977 3595 sd
1000 3547 1093 3610 pubem
1119 3546 1257 3610 tendentes,

81 3625 137 3674 713.
173 3611 352 3674 procumbunt]
370 3611 429 3662 ‘sall
440 3611 515 3662 athis
526 3611 599 3662 seet'.
677 3617 740 3661 teste
753 3609 844 3660 Plinio.
873 3609 965 3660 Weise.

81 3689 139 3740 715.
187 3684 299 3726 constare
332 3677 452 3742 uigorem]
489 3677 562 3728 ‘that
597 3677 640 3728 the
712 3688 767 3740 725.
801 3675 913 3737 adiuuit]
928 3677 1016 3726 ‘drove
1032 3675 1074 3726 the
1091 3677 1153 3728 steel
1169 3677 1261 3744 deeper

49 3741 164 3806 strength
177 3742 207 3792 oi
214 3743 255 3792 his
270 3742 345 3792 limbs
356 3759 407 3792 was
422 3742 474 3792 still
489 3743 590 3804 sound’,
604 3743 636 3793 cf.
677 3739 752 3792 home
762 3741 797 3807 by
808 3741 847 3791 bis
858 3741 951 3805 weight
963 3757 990 3791 as
1001 3741 1033 3791 he
1045 3742 1108 3791 fell’.

51 3807 109 3856 Sco.
123 3807 194 3872 Epp.
210 3820 253 3857 x11
266 3808 274 3857 i
287 3807 414 3872 (lxxxiiild
427 3821 457 3872 27
468 3809 511 3858 sed
518 3811 540 3857 si
551 3811 639 3870 (temno
712 3819 766 3872 730.
789 3805 951 3922 *exemplumg
974 3809 1004 3856 ‘a
1021 3807 1116 3868 model,
1138 3806 1256 3873 pattem'.

48 3873 115 3934 lenit)
123 3879 285 3938 temptantur
289 3875 368 3938 pedes,
382 3875 637 3938 linguanonconstat.
677 3872 709 3922 ci.
733 3873 782 3923 Ov.
803 3873 865 3922 Met.
884 3885 893 3922 1
914 3886 928 3934 3
946 3885 969 3934 5,
990 3872 1037 3936 366
1055 3889 1124 3922 nunc
1136 3889 1215 3938 gmru
1231 3875 1259 3923 in

82 3949 139 4002 717.
177 3938 316 4000 mr'ttendrlr]
334 3943 382 3989 ‘set
391 3955 431 3989 me
442 3955 477 4004 up
486 3939 512 3988 in
522 3939 564 3990 the
572 3940 639 4004 right
676 3938 746 3987 nob's
770 3945 846 3998 restat
871 3939 973 3987 mortale
993 3938 1094 3996 duobus,
1116 3939 1152 3988 ric
1173 3940 1258 3990 uuum

50 4003 160 4067 position
172 4003 383 4068 sordischarging
393 4001 519 4054 missiles’.
676 4004 779 4068 superus,
791 4003 1091 4069 hominumqueexempla
1102 4021 1240 4055 manemus.

79 4069 228 4132 componete]
245 4067 278 4118 ci.
296 4070 362 4118 Vell.
381 4071 434 4118 Pet.
453 4081 475 4118 11
493 4068 535 4118 xiv
551 4071 592 4134 ἐς
608 4077 638 4119 tu
700 4068 806 4134 firme]
818 4084 852 4118 sc.
864 4069 925 4118 neti.

50 4149 113 4190 uero,
133 4136 229 4199 z'nquit,
246 4135 271 4183 ri
288 4135 352 4200 quid
368 4135 396 4184 in
415 4141 438 4184 te
456 4135 522 4184 artis
540 4143 581 4192 est,
602 4135 638 4184 ita
709 4149 765 4198 731.
791 4141 860 4200 saepe
870 4133 967 4196 cadens]
981 4133 1029 4184 ‘ost
1040 4133 1128 4201 falling
1139 4135 1203 4185 from
1215 4135 1259 4187 old

49 4201 275 4314 cbmmibidmm
284 4216 363 4278 nuum
375 4201 546 4313 uquurliqmd
553 4215 635 4266 agam,
674 4217 722 4314 be
734 4215 761 4250 as
772 4199 805 4250 he
815 4201 915 4315 ctrpssgd
931 4200 974 4315 ilie
985 4201 1117 4260 benches’,
1128 4201 1170 4252 ie.
1182 4211 1258 4253 stum-

49 4280 149 4313 uonm
261 4281 415 4314 sms.
757 4281 816 4315 over
856 4281 929 4314 eeu
963 4281 998 4315 es.

82 4332 139 4393 718.
201 4273 426 4397 erplirigetpridnoi
439 4331 483 4382 the
498 4330 640 4382 remainder
709 4282 764 4396 5385.
795 4331 932 4394 noxrubr't]
960 4331 1044 4382 Weise
1055 4331 1088 4382 ci.
1100 4333 1180 4383 Hom.
1195 4333 1259 4383 Il.v

49 4345 226 4459 oiyourliid’.
675 4393 724 4464 659
743 4397 785 4445 τὸν
804 4397 831 4445 δὲ
850 4394 904 4445 κατ’
923 4399 1056 4460 ὀφθαλμῶν
1082 4396 1194 4462 ἐρεβεννὴ
1217 4397 1259 4460 vlf

82 4473 139 4526 719.
180 4461 314 4527 ingentem]
346 4461 504 4528 ‘disclurges
531 4479 564 4512 an
592 4462 638 4512 im·
676 4463 807 4526 ἐκάλυψεν.
