3010 4944
462 353 607 418 LIBER
639 355 700 422 IX.
730 357 933 438 968-1015.
1231 372 1292 439 357

174 515 208 580 di
232 517 387 593 cinerum,
412 517 574 602 Phrygias
598 519 707 584 colitis
730 522 932 606 quicumque
955 523 1076 600 ruinas,
1141 540 1207 606 990

175 619 380 704 Aeneaeque
402 622 477 698 mei,
500 643 584 705 quos
607 643 695 688 nunc
719 623 860 688 Lauinia
882 625 978 690 sedes

174 735 285 790 seruat
307 735 341 790 et
364 726 463 803 Alba,
487 727 581 804 lares,
606 737 640 792 et
663 749 805 812 quorum
829 729 917 793 lucet
940 731 972 794 in
996 731 1060 794 aris

173 829 259 911 ignis
282 829 391 894 adhuc
415 829 587 914 Phrygius,
610 831 759 916 nullique
781 834 941 916 adspecta
963 835 1108 898 uirorum

174 933 282 998 Pallas
305 935 338 998 in
361 935 515 1000 abstruso
538 937 659 1020 pignus
683 937 899 1002 memorabile
921 939 1057 1022 templo,

172 1039 281 1120 gentis
306 1037 421 1104 Iuleae
444 1041 563 1104 uestris
586 1040 787 1106 clarissimus
810 1043 875 1106 aris
1139 1055 1200 1123 995

172 1141 232 1205 dat
254 1142 310 1223 pia
333 1151 406 1206 tura
430 1162 534 1224 nepos
557 1151 590 1206 et
613 1165 673 1207 uos
697 1145 729 1208 in
753 1144 832 1208 sede
855 1145 954 1227 priori

171 1245 233 1308 rite
257 1255 375 1310 uocat:
405 1247 484 1312 date
508 1247 620 1312 felices
644 1249 676 1312 in
700 1258 810 1313 cetera
833 1270 955 1314 cursus.

172 1351 344 1414 restituam
368 1350 528 1434 populos:
558 1361 655 1435 grata
677 1353 750 1416 uice
773 1353 905 1416 moenia
928 1353 1069 1417 reddent

171 1455 368 1520 Ausonidae
393 1455 579 1538 Phrygibus
603 1457 826 1538 Romanaque
850 1455 1011 1539 Pergama
1034 1467 1179 1542 surgent.

170 1560 218 1622 sic
241 1558 338 1635 satus,
361 1560 480 1640 repetit
502 1558 625 1622 classes
647 1568 681 1622 et
704 1567 777 1624 tota
799 1561 953 1624 secundis
1120 1577 1203 1626 1000

170 1661 246 1726 uela
268 1662 362 1727 dedit
385 1661 511 1738 Cauris
533 1663 720 1746 auidusque
742 1673 882 1745 urgente
905 1663 1049 1746 procella

172 1767 290 1830 iliacas
313 1787 454 1850 pensare
476 1787 586 1830 moras
610 1766 796 1851 Asiamque
819 1777 991 1851 potentem

169 1871 383 1956 praeuehitur
405 1870 593 1955 pelagoque
617 1872 763 1936 Rhodon
787 1882 965 1956 spumante
988 1871 1127 1956 reliquit.

168 1978 313 2062 septima
336 1998 406 2040 nox
431 1977 586 2061 Zephyro
610 1998 793 2060 numquam
819 1978 957 2044 laxante
980 1981 1136 2045 rudentes

168 2083 317 2146 ostendit
341 2081 467 2146 Phariis
491 2081 665 2165 Aegyptia
689 2082 786 2147 litora
809 2082 961 2148 flammis.
1119 2099 1196 2166 1005

168 2185 228 2250 sed
251 2187 342 2268 prius
364 2195 437 2250 orta
460 2187 532 2250 dies
555 2195 754 2252 nocturnam
778 2185 936 2271 lampada
958 2187 1045 2251 texit

167 2311 270 2374 quam
293 2299 384 2354 tutas
407 2291 544 2354 intraret
567 2311 678 2374 aquas.
725 2291 771 2354 ibi
794 2291 895 2374 plena
917 2291 1062 2356 tumultu

168 2395 266 2458 litora
289 2403 322 2458 et
345 2395 472 2474 incerto
495 2395 647 2460 turbatas
671 2415 840 2460 murmure
862 2415 962 2460 uoces

167 2501 309 2583 accipit:
339 2520 377 2564 ac
401 2500 510 2564 dubiis
533 2502 658 2566 ueritus
681 2523 717 2566 se
739 2503 872 2567 credere
895 2503 1005 2585 regnis

166 2604 328 2670 abstinuit
350 2603 467 2668 tellure
490 2613 585 2668 rates.
631 2605 689 2668 sed
713 2606 785 2669 dira
807 2605 940 2670 satelles
1118 2623 1200 2672 1010

167 2707 253 2790 regis
276 2708 365 2771 dona
388 2706 495 2770 ferens
516 2709 663 2772 medium
688 2717 865 2790 prouectus
888 2709 921 2770 in
945 2728 1069 2790 aequor

165 2810 254 2874 colla
275 2813 361 2894 gerit
385 2811 501 2893 Magni
526 2811 645 2874 Phario
668 2811 834 2876 uelamine
857 2821 955 2888 tecta,

166 2938 206 2982 ac
228 2917 319 3000 prius
343 2916 480 2980 infanda
502 2917 719 2982 commendat
742 2918 880 2982 crimina
903 2938 1002 2982 uoce:

210 3027 370 3084 terrarum
394 3021 548 3096 domitor,
572 3020 746 3084 Romanae
770 3021 918 3085 maxime
941 3021 1059 3104 gentis,

165 3135 200 3190 et
222 3126 313 3209 quod
336 3124 445 3190 adhuc
469 3125 574 3188 nescis
596 3145 720 3208 genero
743 3147 857 3190 secure
879 3135 1074 3210 perempt0;
1116 3140 1193 3206 1015

412 3331 418 3342 '
558 3332 565 3356 1

74 3329 660 3463 hoqprffgiqqelqepregmegesseergssnhopfsei
700 3337 1281 3472 1²0lllentem]te.upibaeo‘uealrhy’.etcic.
1319 3447 1328 3468 ⁸

77 3463 125 3532 196
137 3463 190 3512 soll.
699 3461 731 3511 de
750 3463 845 3511 inuent.
862 3464 876 3522 ἕ
896 3461 941 3525 169
958 3461 1047 3526 quibus
1064 3463 1133 3510 rebus
1150 3479 1199 3510 non
1217 3464 1285 3512 illud

107 3545 167 3598 99²·
201 3528 276 3590 Alba]
298 3527 329 3578 cs.
353 3527 455 3576 Iuv.1v
472 3525 511 3586 60,
532 3525 560 3576 61
586 3533 661 3590 utque
699 3527 778 3576 solum
796 3527 932 3593 conficetur,
950 3533 979 3575 ut
996 3527 1082 3576 saluas
1100 3534 1123 3576 et
1141 3529 1279 3585 incolumes,

72 3597 144 3645 lacus
158 3594 274 3644 sederant
288 3593 333 3642 ubi
345 3608 499 3658 quamquam
509 3593 595 3640 diruta
611 3608 659 3641 ser-
699 3609 787 3642 uenam
799 3593 872 3642 etiam
884 3593 1020 3656 utamplae
1031 3599 1218 3657 aequepotentes
1227 3594 1282 3644 rint
1335 3645 1343 3658 ‚

73 3669 122 3710 ua!
131 3661 213 3724 grem
234 3659 370 3708 Troianum
383 3666 406 3708 et
422 3659 515 3707 Vestam
524 3658 582 3706 colit
593 3658 659 3707 Alba
698 3658 815 3710 aenaea.

72 3727 198 3776 nrinmm
209 3725 259 3774 aud
272 3724 338 3774 Prol.
351 3721 461 3788 Mayor’s
472 3731 531 3773 note
542 3724 575 3772 ad
587 3724 634 3772 loc.
734 3737 804 3788 1005.
840 3722 951 3784 Pharias]
973 3723 1032 3772 here
1048 3724 1109 3772 used
1126 3724 1243 3788 properly
1254 3725 1284 3774 oi

107 3806 167 3859 994·
200 3790 297 3852 Pallas]
319 3804 353 3838 sc.
373 3789 416 3838 the
439 3789 585 3844 Palladium.
604 3805 658 3854 pre·
698 3787 741 3838 the
752 3789 894 3853 lighthouse
905 3804 938 3837 on
950 3788 993 3838 the
1004 3788 1048 3837 isle
1060 3789 1089 3837 ol
1098 3789 1199 3838 Pharos.

71 3855 254 3908 servedinthe
265 3854 358 3918 temple
368 3854 397 3904 ol
404 3855 489 3903 Vesta.
733 3867 803 3917 1007.
836 3853 912 3914 tutas]
938 3853 1000 3902 ‘saie
1021 3853 1084 3902 from
1101 3855 1213 3904 storms'.
1246 3855 1279 3908 cl.

105 3924 136 3972 in
147 3921 258 3970 abstruso
273 3920 370 3984 templo]
383 3920 424 3969 ie.
437 3920 466 3968 in
477 3919 659 3984 e'ertimotemplo
697 3919 773 3984 Verg.
797 3919 828 3969 G.
854 3931 882 3968 ιν
906 3935 950 3982 4²¹
981 3920 1103 3982 deprensas
1127 3920 1186 3969 olim
1208 3922 1281 3970 stanit

73 3989 113 4038 ‘in
126 3987 170 4037 the
180 3994 259 4036 secret
270 4001 377 4035 recesses
388 3984 417 4034 ol
425 3985 468 4034 the
479 3983 592 4049 temple’.
696 3985 819 4034 tutbsinm
831 3985 925 4033 nautis.

159 4087 165 4100 .
199 4051 308 4111 reddent]
343 4051 468 4114 Compare
492 4050 535 4099 the
562 4049 657 4114 project
732 4065 802 4116 ¹⁰09·
835 4049 926 4110 dubias]
942 4049 981 4098 ‘of
987 4049 1101 4098 doubtful
1114 4048 1194 4102 laith’.

71 4117 211 4168 attributed
234 4123 261 4165 to
280 4115 362 4180 Julius
386 4115 485 4176 Caesar,
512 4097 579 4166 siet.
607 4115 654 4166 Iul.
732 4130 802 4166 1010.
836 4114 965 4176 abste'nuit]
989 4115 1039 4163 For
1055 4115 1096 4164 the
1112 4116 1279 4166 construction

70 4187 85 4245 ς
105 4197 136 4250 79
152 4182 215 4248 φαίη
231 4181 304 4230 etiam
326 4181 401 4230 uaria
413 4181 490 4245 fama
526 4181 658 4230 ererebruit
696 4179 729 4230 cf.
747 4181 811 4244 Livy
829 4193 837 4230 1
859 4197 868 4230 1
891 4180 983 4229 duobus
1004 4182 1088 4228 Aenea
1110 4182 1281 4246 Antenoreque

71 4246 436 4312 megratmmAlernndream
444 4189 568 4295 uallum
575 4252 656 4294 trans·
696 4261 768 4295 omne
778 4247 819 4296 ius
829 4247 884 4294 belli
894 4246 1003 4294 Achiuos
1013 4246 1164 4296 abstinuisse.

70 4316 134 4364 latis
148 4313 228 4363 nmul
235 4312 322 4376 opibus
332 4311 437 4374 imperii,
451 4312 497 4361 &c-
733 4328 801 4362 1012.
838 4311 943 4371 Plana]
958 4326 993 4360 sc.
1010 4311 1039 4359 ol
1053 4312 1129 4370 linen,
1146 4311 1183 4361 ior
1197 4312 1279 4362 which

108 4395 179 4432 1002.
215 4377 308 4428 Iliacas
314 4385 418 4441 pressare
429 4377 520 4438 moras]
533 4377 572 4426 ‘to
583 4377 658 4426 make
698 4376 782 4440 Egypt
794 4392 845 4426 was
856 4376 959 4425 famous.

70 4463 107 4512 up
119 4445 208 4496 sorbis
219 4443 438 4510 delayatIlium'.
472 4441 503 4494 cf.
518 4458 586 4508 supr.
598 4442 654 4508 685,
733 4457 803 4509 ¹0¹3·
836 4441 1136 4506 commendatl‘setsoff’.
