3008 4946
567 317 753 384 LUCANI
787 315 1106 383 PHARSALIAE

322 499 472 544 summus
495 480 620 545 honor:
652 480 827 544 dominum
849 499 950 563 quem
974 479 1087 544 clades
1110 478 1200 561 cogit
1223 475 1371 541 habebo:

324 585 461 661 nullum,
487 585 620 669 Magne,
643 585 772 650 ducem.
817 594 851 648 te
873 583 982 648 solum
1005 584 1039 646 in
1062 581 1150 647 bella
1172 589 1315 658 secutus,

323 697 401 772 post
423 699 458 754 te
481 689 551 754 fata
574 710 714 773 sequor:
746 710 854 773 neque
877 689 967 754 enim
991 708 1125 772 sperare
1146 687 1295 752 secunda

323 789 372 854 las
396 791 486 871 mihi,
509 812 571 856 nec
594 791 702 856 liceat.
748 791 885 856 fortuna
907 801 1030 856 cuncta
1052 799 1211 855 tenentur

326 896 497 962 Caesaris:
531 895 729 960 Emathium
752 896 874 978 sparsit
897 895 1037 960 uictoria
1059 894 1191 958 ferrum.
1296 906 1354 973 245

323 999 437 1063 clausa
460 997 544 1064 fides
568 999 704 1072 miseris,
728 1007 762 1062 et
785 1007 858 1063 toto
882 997 972 1062 solus
995 999 1029 1062 in
1052 998 1134 1062 orbe
1157 1005 1208 1061 est

324 1107 381 1189 qui
406 1105 487 1170 uelit
509 1125 548 1169 ac
571 1105 678 1188 possit
700 1104 798 1168 uictis
821 1113 989 1186 praestare
1011 1102 1163 1168 salutem.

326 1209 487 1292 Pompeio
510 1207 618 1272 scelus
641 1217 692 1272 est
714 1207 840 1273 bellum
863 1207 960 1272 ciuile
983 1217 1168 1292 perempto,

324 1334 392 1397 quo
415 1312 523 1378 suerat
546 1315 683 1378 uiuente
706 1312 797 1378 fides.
843 1313 871 1377 si
893 1312 1029 1398 publica
1052 1312 1131 1390 iura,

325 1418 352 1480 si
375 1437 508 1500 semper
530 1418 674 1500 patriam
698 1417 854 1501 sequeris,
879 1417 974 1492 Cato,
998 1417 1096 1500 signa
1118 1425 1274 1499 petamus
1297 1427 1358 1495 250

325 1522 500 1585 Romanus
522 1541 609 1604 quae
632 1521 749 1586 consul
772 1521 883 1586 habet.
928 1521 976 1585 sic
999 1519 1055 1584 ille
1079 1519 1230 1603 prolatus

323 1623 451 1690 insiluit
474 1626 579 1708 puppi
604 1627 763 1689 iuuenum
786 1625 971 1690 comitante
993 1623 1150 1688 tumultu.

323 1740 436 1795 actum
461 1729 626 1795 Romanis
650 1730 757 1795 luerat
780 1732 823 1796 de
846 1731 945 1794 rebus
967 1739 1002 1794 et
1024 1731 1134 1794 omnis

325 1835 440 1918 indiga
463 1835 588 1899 seruitii
612 1835 762 1900 feruebat
786 1835 882 1898 litore
904 1833 1028 1916 plebes.

367 1959 505 2022 erupere
529 1940 624 2004 ducis
648 1959 743 2004 sacro
766 1939 809 2002 de
832 1946 968 2021 pectore
991 1957 1108 2000 uoces:
1298 1949 1357 2018 255

325 2065 405 2128 ergo
428 2045 500 2127 pari
523 2055 605 2110 uoto
627 2044 760 2128 gessisti
783 2043 882 2120 bella,
905 2043 1070 2120 iuuentus,

324 2157 361 2213 tu
384 2169 520 2232 quoque
542 2169 603 2232 pro
626 2149 782 2225 dominis,
805 2157 838 2211 et
863 2147 1071 2231 Pompeiana
1093 2145 1195 2224 suisti,

325 2271 392 2314 non
418 2251 574 2314 Romana
596 2251 739 2314 manus?
784 2249 875 2333 quod
898 2269 966 2313 non
989 2250 1022 2312 in
1046 2268 1149 2332 regna
1172 2247 1312 2322 laboras,

324 2356 415 2438 quod
439 2355 500 2418 tibi
524 2375 592 2418 non
615 2355 756 2420 ducibus
779 2355 865 2418 uiuis
890 2355 1102 2436 morerisque,
1126 2352 1218 2436 quod
1242 2353 1358 2416 orbem

323 2459 473 2541 adquiris
496 2459 586 2534 nulli,
610 2459 701 2542 quod
726 2459 793 2524 iam
816 2459 878 2524 tibi
901 2460 1036 2522 uincere
1057 2466 1169 2522 tutum
1192 2467 1253 2534 est,
1299 2457 1360 2520 260

324 2563 413 2628 bella
435 2562 523 2647 fugis
545 2564 743 2647 quaerisque
767 2565 883 2648 iugum
906 2565 1034 2628 ceruice
1057 2571 1210 2640 uacante,

271 2784 325 2831 242.
375 2783 489 2819 summus
516 2767 605 2834 how]
635 2770 697 2820 ‘the
724 2770 824 2836 highest
861 2787 890 2821 so
902 2769 1142 2835 Forcell.;perhaps
1150 2769 1234 2818 rather
1248 2767 1341 2818 ‘which
1351 2768 1434 2818 needed

237 2833 336 2883 honour
343 2833 408 2883 shall
417 2835 448 2884 be
457 2835 516 2900 paid
525 2842 552 2885 to
560 2835 604 2900 thy
613 2837 699 2886 sacred
708 2837 799 2886 shade:
810 2836 823 2885 I
861 2853 877 2886 a
888 2835 991 2886 master’
1002 2836 1043 2886 ie.
1057 2835 1131 2885 could
1141 2841 1185 2884 not
1193 2841 1236 2899 get
1245 2849 1278 2883 on
1285 2849 1313 2884 as
1321 2834 1368 2884 lree
1374 2849 1434 2891 mem

237 2899 302 2948 shall
321 2899 385 2949 have
404 2915 466 2950 asa
491 2909 583 2950 master
602 2900 654 2950 him
674 2903 758 2951 whom
778 2917 823 2951 our
861 2903 893 2952 cf.
916 2902 973 2951 infr.
993 2901 1039 2952 262
1059 2901 1136 2950 nescis
1156 2900 1211 2949 sine
1227 2915 1282 2964 rege
1299 2901 1361 2962 pati.
1393 2900 1433 2948 For

237 2965 319 3014 deleat
344 2965 452 3030 imposes
477 2983 510 3016 on
530 2983 566 3027 us,
591 2967 603 3014 I
623 2967 687 3016 shall
706 2967 770 3017 have
790 2983 823 3016 no
862 2967 952 3032 indiga
975 2967 1006 3016 cf.
1024 2967 1100 3030 Verg.
1121 2965 1155 3015 G.
1179 2976 1201 3013 11
1225 2967 1274 3023 428
1297 2967 1328 3012 ui
1341 2966 1433 3029 propria

237 3031 322 3080 leader
349 3030 375 3079 in
399 3030 530 3090 warlare’3
558 3031 601 3081 the
626 3032 724 3082 honour
748 3032 825 3097 being
863 3035 986 3082 nituntur
995 3033 1093 3097 opisque
1104 3031 1177 3080 haud
1187 3031 1277 3094 indaga
1288 3037 1387 3079 nostrae.

237 3096 325 3146 shown
337 3095 370 3160 by
382 3095 490 3160 refusing
498 3105 524 3146 to
533 3097 617 3146 lollow
626 3099 732 3148 another
740 3098 825 3148 leader
889 3098 978 3163 plebes]
1011 3098 1072 3147 used
1105 3095 1326 3161 contemptuously
1352 3095 1377 3144 ol
1399 3095 1434 3144 thr

237 3161 333 3210 inwar.
864 3165 994 3213 ‘common
1016 3161 1140 3212 soldiers’.
1171 3161 1203 3211 cf.
1230 3173 1272 3210 vn
1298 3161 1344 3223 760
1369 3161 1434 3225 impii

272 3242 327 3290 243·
351 3234 450 3290 sperare
459 3227 575 3289 secunda]
586 3243 620 3278 sc.
626 3227 695 3292 fata,
708 3227 749 3278 i.e.
761 3228 825 3278 aiter
854 3229 943 3294 plebes.

237 3291 477 3356 Pompeius'death.
895 3293 951 3357 256.
979 3293 1043 3356 pan'
1061 3291 1126 3354 uoto]
1145 3307 1180 3342 sc.
1204 3293 1294 3342 eodem
1317 3299 1373 3342 uoto
1392 3307 1433 3357 quo

272 3371 328 3420 245.
355 3357 457 3422 sparsit]
472 3356 523 3407 ‘his
533 3357 628 3422 victory
640 3358 684 3408 has
696 3359 824 3423 dispersed
862 3358 1433 3422 Caesariani3prodomindnoncontradomi·

238 3421 281 3472 the
297 3423 392 3472 swords
409 3423 463 3472 that
480 3422 569 3487 fought
585 3423 611 3472 in
628 3424 769 3488 Thessaly',
786 3441 821 3474 sc.
862 3433 956 3474 netum.
994 3424 1104 3474 Grotius.

239 3489 419 3552 Pompeianum
430 3489 568 3538 2222221222.
896 3505 908 3537 2
912 3491 951 3551 58.
970 3490 998 3538 in
1010 3505 1087 3554 regna
1098 3487 1204 3548 laboras]
1218 3487 1338 3538 ‘because
1348 3505 1391 3552 you
1400 3503 1434 3536 222

273 3552 328 3616 246.
364 3553 527 3619 clamafides]
543 3553 588 3602 ‘all
603 3553 670 3618 hope
685 3555 714 3603 ol
727 3561 824 3619 protec·
862 3563 907 3604 not
919 3571 976 3604 now
984 3555 1073 3618 toiling
1080 3561 1107 3604 to
1114 3554 1223 3630 produce
1231 3553 1357 3618 tyrarmy'.
1379 3553 1433 3602 Oud.

241 3618 827 3684 60212021011’;01.010.12011ῐὲ35ᾳαί
862 3621 894 3670 cl.
912 3621 971 3672 Sen.
989 3620 1048 3669 dial.
1068 3619 1153 3678 12125
1171 3634 1185 3681 3
1203 3634 1254 3666 non
1273 3619 1433 3680 rgnmetrim

241 3685 353 3734 nationes
363 3685 471 3734 dmistas
482 3685 541 3734 bello
553 3685 581 3733 in
584 3685 664 3750 fidem
676 3686 823 3750 recepissmt.
862 3687 960 3751 quaein
971 3685 1069 3750 speciem
1081 3684 1204 3740 laborant,
1213 3684 1358 3748 dignitatem
1368 3685 1435 3732 2112221

273 3763 329 3814 249.
356 3749 430 3812 fides]
451 3749 583 3814 ‘loyalty'z
612 3751 681 3800 ‘civil
699 3767 750 3800 war
770 3752 790 3800 is
810 3767 826 3800 a
862 3751 1013 3816 eloquentiae
1018 3749 1288 3815 famamdqm'cquid
1295 3749 1332 3797 ad
1339 3750 1433 3798 alz'enm

239 3815 325 3873 crime,
354 3831 411 3864 now
440 3815 573 3880 Pompeius
601 3816 622 3864 is
646 3816 711 3864 dead
735 3817 826 3880 during
862 3817 1013 3882 mffragr'um
1025 3816 1105 3872 uenit,
1117 3831 1186 3863 mora
1197 3815 1367 3864 conualescere.
1396 3815 1434 3863 See

240 3881 326 3930 whose
343 3879 458 3929 lise-time
477 3880 496 3929 it
517 3897 567 3931 was
590 3879 704 3944 loyalty'.
735 3881 827 3945 suerat
863 3891 922 3931 note
934 3879 1043 3944 0111306
1055 3881 1190 3929 inciderem
1199 3880 1266 3928 cadri
1276 3895 1348 3929 omne
1356 3895 1434 3928 nemus.

239 3946 260 3996 is
272 3946 419 4011 apparently
430 3945 571 4010 equivalent
583 3953 610 3996 to
614 3945 712 4011 ficisset,
724 3946 756 3996 cl.
766 3947 822 3996 inlr.
883 3962 953 4024 Ι2159.
987 3947 1045 4008 libr]
1062 3945 1093 3996 cl.
1112 3956 1155 3994 vlt
1170 3943 1217 4010 697
1229 3945 1335 3994 ostendet
1344 3945 1435 3994 monens

241 4026 328 4137 isim.
364 4075 461 4137 consul]
474 4091 506 4126 se
522 4076 666 4133 Caesancl.
679 4088 697 4124 v
710 4076 823 4142 389ioll.
863 4013 1263 4138 auggg'puffieszmmiam·
1298 4077 1329 4126 ci.
1343 4088 1351 4125 1
1365 4092 1399 4140 31.

273 4155 327 4206 253.
364 4149 446 4190 actum
452 4142 551 4204 fuerat]
562 4157 596 4191 sc.
616 4141 646 4191 ‘it
663 4143 746 4191 would
761 4142 825 4192 have
895 4143 962 4208 quod
971 4141 1127 4204 iam]‘since
1142 4157 1200 4190 now
1216 4139 1256 4191 ’tis
1273 4141 1326 4191 sele
1340 4141 1435 4191 sorthee
1478 4147 1479 4161 ¹

240 4207 303 4255 been
322 4207 356 4254 all
373 4223 433 4256 over
450 4207 511 4256 with
529 4207 585 4264 dre..
597 4205 619 4256 ii
631 4207 695 4257 Cato
712 4207 762 4257 had
781 4215 825 4257 not
863 4215 890 4257 to
906 4208 1025 4273 conquer'
1041 4207 1082 4257 ie.
1098 4206 1159 4256 with
1174 4221 1208 4256 no
1219 4206 1273 4256 sear
1284 4207 1314 4256 oi
1321 4223 1380 4271 your
1390 4223 1434 4256 own

241 4271 357 4334 spoken’.
395 4271 477 4322 These
494 4281 543 4321 two
559 4273 621 4322 lines
637 4289 679 4322 are
690 4283 735 4322 not
746 4273 825 4322 found
863 4274 948 4323 leader
958 4273 1091 4338 becomlng
1101 4289 1164 4336 your
1174 4279 1280 4322 master:

241 4335 268 4383 in
279 4351 353 4398 many
366 4337 442 4386 MSS.
458 4339 507 4386 and
519 4337 586 4401 early
598 4339 714 4388 editions.
897 4337 952 4390 262.
985 4337 1095 4404 quaeris]
1115 4338 1177 4388 ‘leel
1193 4338 1236 4388 the
1250 4347 1320 4388 want
1332 4337 1361 4388 oi
1365 4335 1379 4395 ',
1394 4343 1435 4386 ‘re

193 4442 197 4450 ,
275 4415 330 4462 254.
348 4401 822 4468 indrgaseruitir]‘greedyolslavery',
862 4403 938 4469 gret'.
