2966 4948
441 362 585 428 LIBER
617 361 675 430 IV.
709 363 885 446 127-164

141 527 210 590 dat
233 547 357 610 poenas
381 528 518 592 maioris
541 549 654 612 aquae.
700 537 878 612 postquam
901 529 1015 592 omnia
1037 527 1113 592 satis

142 629 303 696 Caesaris
326 633 372 696 ire
395 633 487 696 uidet
510 631 634 698 celsam
659 631 806 696 Petreius
829 630 974 696 Ilerdam
1121 615 1126 626 ¹

140 733 289 800 deserit:
318 743 352 800 et
374 737 445 800 noti
468 734 595 800 diffisus
618 735 743 798 uiribus
766 733 863 811 orbis,
1122 747 1178 814 145

142 836 332 902 indomitos
354 831 483 921 quaerit
505 836 648 922 populos
670 847 705 902 et
727 857 858 920 semper
881 837 914 900 in
938 857 1031 900 arma

142 941 266 1004 mortis
289 961 402 1004 amore
419 939 519 1032 ieros
543 949 576 1005 et
598 940 706 1004 tendit
729 940 762 1004 in
786 938 904 1004 ultima
927 939 1051 1004 mundi.

196 1044 339 1108 nudatos
362 1043 486 1109 Caesar
508 1042 609 1108 colles
632 1044 829 1124 desertaque
851 1052 960 1106 castra

142 1147 358 1230 conspiciens
381 1167 500 1230 capere
523 1167 616 1211 arma
639 1146 744 1211 iubet:
775 1167 835 1211 nec
858 1167 1016 1230 quaerere
1039 1157 1176 1230 pontem

144 1271 213 1315 nec
236 1251 323 1316 uada
345 1251 403 1314 sed
429 1251 519 1315 duris
542 1249 681 1314 fluuium
705 1270 861 1333 superare
884 1249 1022 1314 lacertis.
1121 1265 1181 1331 150

143 1363 298 1435 paretur:
329 1353 504 1436 rapuitque
528 1373 625 1416 ruens
649 1352 681 1416 in
706 1350 832 1435 proelia
855 1351 949 1416 miles

143 1456 242 1538 quod
265 1455 393 1540 fugiens
416 1456 581 1520 timuisset
604 1454 672 1518 iter.
719 1475 800 1520 mox
823 1455 890 1518 uda
913 1455 1054 1538 receptis

144 1559 300 1624 membra
323 1559 438 1624 fouent
460 1560 561 1624 armis
583 1559 779 1642 gelidosque
801 1579 821 1624 a
843 1561 974 1643 gurgite
996 1579 1092 1624 cursu

145 1664 327 1728 restituunt
350 1673 452 1743 artus,
476 1665 583 1728 donec
605 1663 810 1727 decresceret
832 1663 950 1727 umbra

144 1768 183 1830 in
205 1768 351 1832 medium
372 1776 528 1850 surgente
547 1767 608 1831 die.
655 1767 789 1849 iamque
808 1765 943 1848 agmina
962 1785 1094 1830 summa
1122 1780 1178 1847 155

143 1872 256 1954 carpit
278 1893 380 1955 eques
402 1871 563 1955 dubiique
585 1871 684 1954 fugae
706 1889 904 1954 pugnaeque
927 1879 1089 1934 tenentur.

193 1975 360 2040 adtollunt
383 1997 503 2059 campo
525 1977 679 2060 geminae
702 1975 780 2058 iuga
801 1995 905 2038 saxea
928 1993 1025 2057 rupes

145 2079 238 2143 ualle
258 2101 342 2144 caua
366 2081 484 2146 media
529 2078 628 2144 tellus
650 2079 727 2143 hinc
750 2079 853 2143 ardua
875 2078 981 2142 celsos

144 2184 322 2247 continuat
344 2182 461 2248 colles:
490 2193 583 2248 tutae
606 2203 690 2267 quos
713 2183 798 2246 inter
820 2169 946 2266 opaco'

144 2286 298 2350 anfractu
323 2284 448 2350 latuere
471 2287 561 2350 uiae:
590 2285 712 2368 quibus
734 2285 831 2350 hoste
854 2286 962 2368 potito
1120 2289 1180 2350 160

145 2387 298 2454 saucibus
321 2391 429 2454 emitti
453 2400 614 2454 terrarum
637 2390 670 2453 in
693 2389 792 2453 deuia
815 2388 959 2454 Martem

146 2491 250 2574 inque
273 2491 358 2556 seras
380 2501 498 2576 gentes
521 2493 646 2558 Caesar
666 2493 766 2557 uidet.
811 2492 856 2556 ite
878 2494 950 2558 sine
972 2493 1041 2559 ullo

145 2593 273 2671 ordine,
296 2596 351 2671 ait,
375 2605 576 2678 raptumque
599 2595 679 2678 iuga
701 2597 884 2660 conuertite
906 2596 1041 2673 bellum,

146 2705 182 2760 et
204 2697 323 2762 faciem
347 2718 481 2782 pugnae
504 2697 680 2782 uoltusque
702 2698 820 2763 inserte
844 2701 1004 2764 minaces:

91 2882 148 2931 ¹43·
183 2866 227 2914 dat
231 2867 333 2930 poena]
351 2867 475 2932 Compare
486 2867 528 2918 the
540 2877 607 2932 story
617 2868 644 2917 in
682 2869 736 2918 also
754 2869 774 2918 is
794 2869 854 2919 used
874 2869 935 2920 with
954 2879 1005 2919 two
1022 2870 1143 2946 genitives
1162 2871 1193 2921 cs.
1214 2871 1264 2921 Ov.
1308 2840 1316 2857 ⁸

56 2933 123 2980 Hdr.
138 2943 147 2980 1
164 2933 210 2996 189
222 2932 251 2980 oi
262 2931 304 2980 the
316 2949 421 2996 revenge
433 2933 508 2983 taken
519 2935 553 2997 by
564 2933 644 2996 Cyrus
683 2934 745 2984 Met.
758 2946 777 2982 v
790 2933 836 2997 564
848 2935 943 2984 medius
949 2935 1090 3000 fratrzsque
1098 2937 1142 2986 sni
1152 2943 1264 2986 maestae·

54 3012 88 3046 on
107 2997 152 3046 the
169 2997 234 3046 river
251 2997 362 3060 Gyndes.
396 2998 463 3047 Oud.
479 2998 509 3048 ci.
526 2999 572 3048 Sil.
585 2999 643 3048 Ital.
681 3015 728 3063 qne
737 3000 828 3048 sororis
838 3001 958 3064 Iuppiter.
1215 3033 1216 3038 ,

56 3061 231 3124 111645-647
248 3078 381 3126 magnasa
402 3063 488 3113 Trebia
505 3071 528 3113 et
544 3065 644 3112 meritas
714 3065 838 3126 tenentur]
856 3066 998 3130 equivalent
1016 3074 1042 3116 to
1059 3067 1208 3127 detinentur,
1229 3068 1261 3118 ci.

54 3129 126 3176 mihi
135 3128 230 3190 perfide
239 3135 330 3191 poenas
341 3128 455 3186 exsolues,
468 3129 568 3193 inquit;
584 3130 643 3178 lace·
682 3129 735 3179 Cic.
758 3131 791 3178 ad
809 3130 866 3180 sam.
887 3142 936 3179 xv1
955 3132 988 3180 111
1005 3133 1019 3191 5
1039 3148 1048 3182 1
1067 3132 1195 3196 septimum
1212 3133 1263 3182 iam

53 3209 115 3241 rum
120 3200 168 3258 per
177 3193 275 3242 Gallica
282 3193 348 3241 rinei
355 3193 490 3258 dupergam
499 3211 563 3244 rura
571 3201 645 3259 atque
680 3195 742 3244 dr'em
757 3196 875 3258 Corcyrae
885 3197 1033 3248 tenebamur.

53 3259 143 3306 amnis
153 3258 200 3305 n'hi
210 3259 314 3307 nomina
324 3258 427 3308 demam
717 3263 771 3321 158.
805 3261 944 3310 uallecaua
956 3261 1046 3323 medua]
1061 3261 1262 3312 ‘withahollow

79 3321 232 3385 said—ire]
255 3323 291 3372 ire
312 3323 333 3372 is
354 3324 497 3388 equivalent
519 3333 546 3374 to
563 3325 642 3388 ferri,
682 3325 763 3389 valley
781 3325 915 3376 between'.
950 3326 1017 3376 Oud.
1040 3327 1072 3377 ci.
1096 3329 1262 3390 Liv.V1134

54 3389 101 3437 i.e.
118 3389 184 3437 ‘that
197 3387 310 3437 Caesar's
325 3389 455 3452 destinyis
471 3391 597 3455 sweeping
608 3389 642 3439 all
680 3390 815 3440 exercitum
835 3392 935 3440 incante
951 3392 980 3441 in
999 3393 1092 3442 saltum
1111 3409 1174 3442 caua
1198 3394 1264 3442 mlle

53 3453 144 3502 before
155 3451 193 3502 it’.
229 3452 261 3502 ct'.
273 3454 349 3518 Verg.
365 3453 431 3503 Aen.
448 3465 469 3502 11
487 3470 518 3518 34
534 3470 575 3504 seu
591 3456 642 3505 ram
677 3457 941 3520 penarium...induxit.

56 3519 150 3567 Troiae
157 3517 383 3583 se'csirtaserebant.
714 3522 786 3571 tellus
797 3521 869 3582 hinc]
882 3522 960 3571 ‘from
972 3522 1021 3572 this
1030 3522 1101 3587 point
1112 3522 1155 3573 the
1165 3524 1262 3588 ground

53 3649 59 3660 '
81 3598 174 3711 s&7⁵06
182 3585 269 3633 mortis
290 3584 382 3646 amore]
409 3583 441 3634 ci.
471 3597 479 3634 1
504 3583 642 3649 460—462,
681 3585 759 3700 {riqilng
775 3587 838 3637 alost
854 3587 962 3637 exhibita
978 3603 993 3636 a
1010 3589 1158 3638 continuous
1174 3589 1223 3638 line
1236 3588 1266 3638 oi

52 3666 62 3697 1
107 3683 114 3696 .
177 3685 183 3696 .
755 3685 762 3698 .

62 3667 148 3776 ῃ151.
182 3713 283 3778 rapuit]
318 3693 396 3764 ‘hook
424 3715 484 3764 with
512 3731 643 3779 eagemess
717 3668 770 3767 1⁵60.
803 3717 891 3780 quibas
905 3715 980 3782 haste]
997 3717 1066 3768 uidet
1081 3719 1172 3768 Caesar
1183 3719 1259 3784 quod,

54 3779 133 3829 when
151 3779 255 3844 rushing
273 3787 299 3828 to
317 3780 361 3829 the
378 3779 440 3844 fight
455 3797 470 3830 a
487 3781 548 3844 path
559 3781 641 3831 which
681 3781 701 3830 si
713 3783 839 3846 angustias
850 3782 917 3846 ipsas
930 3783 1076 3853 Pompeiani
1089 3793 1263 3848 occupassent,

55 3846 89 3894 he
101 3846 185 3894 would
196 3845 262 3894 have
273 3845 366 3894 shrunk
379 3846 441 3895 from
454 3847 480 3894 in
492 3845 584 3910 flight'.
681 3847 750 3896 Mars
767 3847 919 3898 emitteretur
932 3848 958 3897 in
973 3857 1092 3898 terrarum
1107 3849 1181 3899 deuia
1195 3856 1220 3899 et
1236 3850 1261 3899 in

94 3925 147 3978 ¹5²·
182 3910 292 3974 receptis]
303 3911 349 3959 i.e.
361 3910 426 3959 their
437 3927 503 3962 arms
514 3912 563 3960 had
577 3911 642 3961 been
680 3912 744 3961 seras
761 3922 855 3976 gentes,
868 3913 915 3962 111.
936 3914 967 3962 ad
985 3914 1111 3972 barbaros,
1124 3916 1155 3964 ad
1168 3931 1230 3979 quos
1241 3915 1262 3964 si

55 3976 198 4040 previously
227 3975 323 4025 carried
351 3991 434 4026 across
459 3976 502 4026 the
530 3977 594 4026 river
615 3977 642 4026 in
679 3977 831 4041 peruenisset
849 3979 935 4038 hostis,
953 3995 1003 4028 non
1020 3988 1104 4044 posset
1121 3981 1262 4045 superaris

53 4043 138 4090 boats
680 4044 795 4093 Caesare.
832 4044 917 4094 Schol.

95 4120 147 4170 155.
179 4105 266 4167 mrsu]
280 4107 329 4169 ‘by
339 4105 467 4170 mnning’.
715 4107 768 4172 165.
806 4116 952 4174 raptumque
960 4107 1040 4174 stega]
1059 4115 1127 4160 ‘turn
1142 4111 1208 4160 back
1219 4111 1262 4161 the

67 4187 148 4285 affl.
180 4172 286 4236 agmina
301 4171 410 4233 summa]
431 4173 490 4222 ‘the
512 4171 642 4222 hindmost
679 4173 827 4288 heaardwhicth
835 4173 1003 4288 isflhastening
1017 4176 1049 4225 its
1064 4175 1212 4292 flightl',t}il.e.
1227 4177 1261 4291 qy

54 4253 66 4285 r
745 4255 789 4303 mg
828 4255 842 4288 e
871 4255 931 4304 ymg
944 4256 1016 4290 enem
1044 4257 1133 4306 compe
1183 4258 1223 4292 em
1246 4259 1262 4292 o

94 4270 154 4363 156]
179 4301 269 4365 capii]
283 4301 429 4351 ‘harasses’.
679 4303 775 4368 change
793 4305 858 4354 their
874 4321 968 4356 course.
1026 4323 1054 4356 or
1071 4307 1160 4356 bellum
1176 4307 1209 4358 cf.
1228 4319 1261 4358 111

90 4367 171 4428 duan]
189 4367 301 4430 ‘halting
316 4368 429 4418 between
443 4366 515 4432 ssight
525 4368 575 4417 and
586 4368 639 4417 bat·
678 4367 719 4431 64,
733 4369 842 4432 1111651.

54 4430 116 4481 tle’.
150 4432 181 4480 cf.
194 4443 236 4482 vn
249 4431 294 4483 611
309 4431 413 4482 dubium
422 4433 492 4497 sata}
508 4433 640 4484 somedius
