3080 4954
664 356 1025 420 INTRODUCTION

487 527 598 583 attollat
616 526 720 583 refluos
738 525 769 580 in
788 535 865 580 astra
883 523 977 580 sontes

487 614 575 671 Graio
592 613 714 669 nobilior
733 613 840 668 Melete
860 611 965 666 Baetis.

486 703 606 771 Baetim,
627 704 756 770 Mantua,
775 716 930 772 provocare
947 699 1013 754 noli.

537 800 637 846 natum
655 789 784 860 protinus
803 798 888 860 atque
906 789 1025 842 humum
1042 802 1093 857 per
1110 785 1203 855 ipsam

485 879 577 950 primo
594 895 737 933 murmure
754 878 839 934 dulce
856 877 1017 947 vagientem

485 967 592 1022 blando
611 966 739 1036 Calliope
757 965 821 1018 sinu
839 964 953 1033 recepit.

486 1062 547 1109 tum
564 1051 688 1124 primum
706 1052 799 1123 posito
817 1051 936 1106 remissa
952 1052 1030 1106 luctu

485 1142 587 1211 longos
606 1141 736 1210 Orpheos
756 1138 831 1194 exuit
849 1138 961 1193 dolores

486 1237 515 1284 et
533 1227 621 1282 dixit:
645 1243 715 1298 puer
733 1243 750 1281 o
768 1226 863 1281 dicate
881 1225 979 1295 musis,

486 1317 640 1385 longaevos
658 1313 716 1368 cito
734 1313 886 1368 transiture
905 1320 995 1380 vates,

485 1420 543 1458 non
562 1412 593 1458 tu
611 1401 730 1456 flumina
747 1417 800 1457 nec
818 1417 919 1471 greges
936 1401 1059 1455 ferarum

486 1507 540 1546 nec
557 1491 665 1562 plectro
685 1490 801 1545 Geticas
819 1487 948 1543 movebis
965 1483 1060 1556 ornos,

487 1580 539 1635 sed
557 1589 667 1650 septem
685 1579 752 1648 iuga
771 1578 964 1646 Martiumque
982 1574 1093 1630 Tibrim

488 1677 515 1724 et
534 1668 634 1722 doctos
652 1667 762 1738 equites
781 1675 810 1722 et
828 1665 980 1736 eloquente

488 1765 573 1812 cantu
590 1772 761 1826 purpureum
779 1756 875 1810 trahes
894 1763 1033 1810 senatum

488 1854 641 1900 nocturnas
659 1844 707 1898 alii
727 1845 870 1914 Phrygum
888 1843 985 1898 ruinas

489 1942 518 1988 et
535 1933 615 1987 tarde
629 1933 745 1988 reducis
763 1933 824 1987 vias
844 1932 921 1987 Ulixi

487 2030 517 2077 et
534 2038 659 2092 puppem
677 2021 859 2077 temerariam
879 2021 1034 2089 Minervae,

490 2107 556 2162 trita
573 2107 686 2162 vatibus
704 2107 805 2176 orbita,
824 2116 993 2178 sequentum

490 2205 520 2250 tu
538 2212 621 2250 carus
641 2196 723 2250 Latio
741 2212 905 2266 memorque
923 2195 1017 2265 gentis

490 2285 606 2336 carmen
624 2279 723 2335 sortior
740 2281 844 2336 exseris
863 2289 1000 2350 togatum.

489 2387 524 2424 ac
542 2370 665 2440 primum
683 2370 787 2424 teneris
806 2371 900 2425 adhuc
919 2370 949 2424 in
967 2371 1050 2424 annis

483 2455 572 2511 'ludes
592 2457 718 2510 Hectora
737 2456 947 2528 Thessalosque
966 2473 1063 2511 currus

492 2553 520 2598 et
539 2543 657 2613 supplex
678 2543 783 2597 Priami
801 2544 926 2613 potentis
944 2559 1052 2610 aurum,

492 2642 521 2687 et
538 2632 621 2686 sedes
639 2631 779 2686 reserabis
798 2631 960 2686 inferorum.

493 2717 619 2790 irigratus
640 2719 717 2772 Nero
736 2717 867 2773 dulcibus
885 2719 1013 2786 theatris,

490 2813 519 2859 et
537 2812 633 2858 noster
651 2803 702 2857 tihi
721 2804 876 2872 proferetur
895 2804 1035 2874 Orpheus.

492 2891 571 2946 dices
589 2891 760 2945 culminibus
779 2890 862 2944 Remi
881 2891 1011 2962 vagantis

493 2979 626 3034 infandos
645 2979 754 3034 domini
772 2979 902 3034 nocentis
920 2980 1009 3048 ignes.

493 3065 560 3121 hinc
578 3074 675 3121 castae
692 3065 806 3120 titulum
824 3067 967 3138 decusque
986 3067 1083 3120 Pollae

494 3153 617 3208 iocunda
634 3153 718 3209 dabis
736 3153 914 3209 allocutione.

547 3243 628 3297 ‘mox
646 3252 747 3314 coepta
764 3243 928 3313 generosior
945 3244 1060 3299 iuventa

494 3331 574 3385 albos
593 3331 705 3385 ossibus
725 3330 804 3384 Italis
825 3331 970 3401 Philippos

495 3427 523 3473 et
543 3417 707 3471 Pharsalica
724 3418 799 3472 bella
817 3417 976 3485 detonabis,

496 3507 573 3578 quod
591 3506 698 3561 fulmen
717 3507 797 3561 ducis
816 3507 890 3562 inter
907 3523 988 3561 arma
1005 3507 1073 3572 divi,

495 3595 627 3648 libertate
645 3610 761 3663 gravem
778 3593 827 3664 pia
846 3595 987 3648 Catonem

497 3694 524 3740 et
542 3693 655 3752 gratum
673 3683 863 3754 popularitate
883 3685 1029 3753 Magnum.

497 3783 528 3827 tu
548 3771 687 3827 Pelusiaci
706 3772 798 3826 scelus
811 3769 929 3842 'Canopi

496 3859 613 3914 deflebis
631 3859 695 3930 pius
713 3869 741 3914 et
761 3859 853 3913 Pharo
871 3869 989 3914 cruenta

499 3949 635 4017 Pompeio
653 3947 735 4002 dabis
754 3947 838 4001 altius
857 3947 1024 4016 sepulcrum.

551 4035 640 4089 ‘haec
658 4035 749 4105 primo
767 4035 877 4088 iuvenis
896 4051 982 4090 canes
1001 4037 1054 4090 sub
1072 4051 1152 4104 aevo,

497 4131 565 4178 ante
582 4138 673 4176 annos
692 4121 790 4177 culicis
810 4123 979 4176 Maroniani.

499 4211 581 4266 cedet
599 4228 682 4266 musa
699 4211 777 4265 rudis
793 4211 895 4266 ferocis
915 4213 991 4266 Enni

498 4309 526 4354 et
544 4299 621 4354 docti
639 4299 715 4354 furor
732 4299 837 4354 arduus
857 4301 977 4369 Lucreti,

498 4397 527 4443 et
545 4387 593 4459 qui
611 4405 662 4458 per
679 4388 751 4444 freta
769 4388 847 4443 duxit
865 4390 1053 4458 Argonautas,
