3008 4946
448 365 594 430 LIBER
624 364 724 429 VIII.
754 365 936 430 6184661.

218 541 254 596 at
276 552 343 596 non
366 541 437 596 tam
461 533 592 616 patiens
615 532 771 598 Cornelia
794 552 927 596 cernere
951 551 1089 595 saeuom

174 655 276 717 quam
300 630 444 719 perferre
466 635 559 698 nefas
583 636 780 699 miserandis
802 635 938 698 aethera
959 634 1108 718 complet

176 739 328 802 uocibus:
359 759 379 802 o
403 739 560 813 coniunx,
583 758 646 820 ego
668 747 703 801 te
726 737 887 802 scelerata
911 738 1054 820 peremi:

175 841 323 904 letiferae
345 841 407 904 tibi
430 861 531 904 causa
554 861 667 904 morae
690 841 752 904 suit
775 842 851 904 auia
875 841 1012 914 Lesbos,
1143 841 1209 918 640

176 953 210 1008 et
233 946 322 1026 prior
344 946 378 1008 in
403 944 473 1007 Nili
496 946 648 1026 peruenit
671 944 769 1008 litora
793 945 923 1009 Caesar.

175 1065 255 1109 nam
279 1047 331 1109 cui
355 1047 406 1110 ius
428 1045 484 1110 alii
507 1045 663 1110 sceleris?
707 1046 767 1109 sed
790 1046 940 1128 quisquis
964 1044 998 1108 in
1021 1043 1110 1107 istud

175 1170 196 1212 a
219 1151 347 1232 superis
370 1151 520 1214 immisse
543 1159 653 1232 caput,
676 1149 730 1212 uel
754 1149 906 1214 Caesaris
929 1149 997 1211 irae

177 1251 231 1315 uel
253 1252 315 1315 tibi
338 1253 552 1335 prospiciens,
575 1253 682 1316 nescis
704 1252 847 1316 crudelis
869 1251 926 1314 ubi
949 1252 1022 1333 ipsa

177 1359 304 1422 uiscera
326 1359 394 1422 sint
417 1358 554 1441 Magni:
584 1377 742 1440 properas
765 1365 866 1439 atque
889 1356 1010 1437 ingeris
1034 1355 1118 1418 ictus
1144 1353 1206 1434 645

177 1481 244 1544 qua
267 1471 383 1525 uotum
406 1471 457 1526 est
480 1462 577 1525 uicto.
623 1481 749 1544 poenas
772 1480 839 1524 non
863 1470 969 1524 morte
993 1461 1137 1524 minores

177 1562 312 1645 pendat,
335 1571 370 1626 et
392 1573 471 1626 ante
495 1583 607 1628 meum
631 1564 745 1628 uideat
768 1573 879 1644 caput.
926 1563 1016 1626 haud
1039 1583 1103 1646 ego
1126 1561 1224 1645 culpa

178 1665 282 1730 libera
304 1665 477 1743 bellorum,
501 1687 588 1750 quae
611 1675 755 1730 matrum
778 1666 850 1730 sola
872 1687 931 1749 per
952 1667 1059 1730 undas

178 1777 213 1832 et
236 1789 295 1851 per
316 1778 425 1833 castra
448 1789 559 1833 comes
583 1769 682 1833 nullis
704 1769 880 1833 absterrita
903 1769 980 1833 latis

178 1873 314 1950 uictum,
336 1873 426 1956 quod
449 1893 544 1956 reges
568 1873 670 1936 etiam
693 1873 843 1949 timuere,
868 1873 985 1955 recepi,
1146 1871 1212 1953 650

178 1977 243 2040 hoc
265 1979 369 2042 merui
392 1979 541 2041 coniunx
564 1978 597 2040 in
621 1987 695 2042 tuta
717 1998 831 2060 puppe
853 1977 1018 2060 relinquI?

178 2077 313 2160 perfide,
336 2079 519 2162 parcebas?
548 2088 583 2143 te
606 2079 675 2142 sata
698 2089 851 2144 extrema
875 2089 1011 2163 petente

178 2185 249 2248 uita
272 2185 375 2266 digna
397 2183 468 2248 fui?
513 2184 643 2261 moriar,
669 2205 729 2248 nec
753 2205 889 2248 munere
911 2185 1005 2267 regis.

179 2293 238 2347 aut
261 2285 341 2347 mihi
365 2285 591 2368 praecipitem,
614 2295 746 2362 nautae,
768 2287 953 2368 permittite
976 2285 1109 2363 saltum,

179 2397 238 2451 aut
261 2387 417 2471 laqueum
441 2389 529 2452 collo
551 2398 726 2472 tortosque
748 2400 864 2472 aptare
887 2391 1061 2453 rudentes:
1148 2388 1210 2469 655

180 2498 239 2552 aut
261 2489 380 2572 aliquis
405 2491 532 2573 Magno
554 2492 677 2573 dignus
700 2511 812 2554 comes
835 2493 952 2572 exigat
974 2511 1096 2554 ensem.

181 2591 343 2675 Pompeio
366 2603 536 2676 praestare
558 2603 671 2676 potest
694 2595 785 2677 quod
811 2593 961 2658 Caesaris
983 2595 1085 2656 armis

181 2695 333 2777 imputet.
378 2717 400 2758 o
422 2697 524 2771 saeui,
546 2707 781 2779 properantem
806 2697 839 2758 in
862 2696 932 2760 fata
953 2695 1099 2759 tenetis?

180 2798 267 2860 uiuis
290 2798 410 2878 adhuc,
434 2800 593 2876 coniunx,
615 2809 649 2863 et
673 2801 739 2863 iam
765 2799 920 2863 Cornelia
943 2819 1010 2862 non
1033 2807 1084 2862 est

181 2901 269 2980 iuris,
292 2903 428 2984 Magne,
451 2905 511 2968 sui.
556 2904 735 2988 prohibent
758 2925 924 2968 accersere
947 2913 1108 2969 mortem:
1149 2903 1216 2970 660

180 3025 294 3068 seruor
316 3007 442 3070 uictori.
486 3007 532 3070 sic
556 3007 626 3070 fata
648 3009 799 3091 interque
820 3027 955 3072 suorum

125 3211 184 3275 638.
217 3210 465 3276 quamperferrerc.
479 3211 679 3276 patienssuisset.
749 3212 805 3276 651.
840 3212 894 3273 hoc]
910 3213 947 3262 ‘in
960 3212 1030 3263 this’.

127 3278 184 3340 640.
220 3277 282 3325 auia
299 3277 395 3338 Lesbos]
414 3277 457 3326 ie.
481 3285 507 3325 to
524 3277 607 3326 thch
628 3293 679 3342 you
750 3278 807 3339 655.
840 3279 934 3342 aptare]
957 3277 1100 3342 dependent
1116 3294 1150 3328 on
1167 3278 1303 3344 permittite

91 3353 161 3393 went
173 3350 217 3392 out
228 3341 256 3390 of
263 3358 325 3404 your
336 3357 391 3406 way
402 3349 429 3391 to
440 3342 524 3392 follow
536 3357 583 3392 me.
717 3343 766 3392 and
779 3343 885 3407 coupled
897 3344 957 3392 with
968 3344 1070 3392 saltum.

126 3408 185 3469 640.
218 3406 341 3471 quisquis]
361 3407 479 3457 ‘whoe'er
490 3407 550 3456 thou
566 3415 604 3456 art
622 3407 680 3456 who
751 3407 807 3470 656.
840 3409 934 3472 ext'gat]
961 3409 1042 3458 ‘drive
1060 3409 1168 3472 through
1186 3405 1248 3464 me’‚
1268 3407 1301 3457 cs.

91 3475 151 3523 hast
170 3473 234 3521 been
248 3472 402 3536 despatched
413 3473 445 3537 by
455 3473 497 3522 the
508 3473 572 3537 gods
583 3481 610 3522 to
621 3463 680 3522 taire
718 3473 793 3536 Verg.
808 3473 873 3522 Aen.
892 3485 911 3521 x
929 3475 985 3536 815,
998 3474 1046 3524 816
1063 3474 1180 3522 ualidum
1195 3489 1304 3538 namque

92 3539 145 3588 this
157 3536 219 3586 lite’.
718 3538 797 3600 exigit
820 3554 898 3587 erasem
915 3545 965 3602 per
986 3539 1094 3588 medium
1116 3541 1213 3588 Aeneas
1234 3539 1302 3587 iuue-

128 3603 185 3666 643.
220 3601 679 3667 uel...ueI]equivalenttosiue...siue.
718 3619 783 3652 nem.

128 3667 186 3730 644.
215 3667 376 3732 prospiciam]
400 3667 505 3731 ‘having
525 3667 612 3732 regard
629 3667 677 3726 to’,
751 3667 808 3730 ⁶57·
837 3668 973 3732 praestare]
993 3669 1031 3717 ‘to
1042 3667 1200 3716 doafavour
1211 3666 1258 3716 to'.

94 3733 127 3783 cs.
148 3733 201 3782 Cic.
222 3733 247 3780 in
268 3733 324 3780 Cat.
345 3743 376 3780 lv
394 3733 408 3791 5
429 3749 443 3796 3
465 3733 584 3782 consulite
605 3733 680 3789 uobis,
751 3733 808 3794 658.
843 3733 954 3796 imputet]
974 3733 1067 3782 ‘which
1086 3733 1118 3782 he
1135 3749 1192 3796 may
1209 3733 1303 3782 reckon

89 3798 226 3864 prarpicite
233 3799 338 3861 patriae.
719 3813 746 3847 as
764 3813 780 3846 a
797 3799 890 3846 service
909 3799 975 3847 done
991 3806 1017 3848 to
1033 3797 1144 3847 Caesar's
1159 3797 1244 3858 anns',
1263 3798 1303 3847 i.e.

128 3861 186 3924 646.
219 3879 270 3926 qua
295 3861 391 3922 uatum]
427 3862 525 3912 ‘where
552 3861 596 3910 the
622 3877 682 3910 van-
720 3863 762 3911 the
780 3863 871 3927 killing
888 3863 918 3912 os
933 3864 972 3912 his
989 3863 1099 3926 enemy's
1117 3862 1181 3912 wite.
1211 3863 1246 3913 So
1261 3863 1304 3912 the

92 3927 202 4043 guils'hed
225 3928 308 3976 would
330 3943 392 3992 pray
410 3927 464 3977 that
489 3927 569 3976 blows
592 3927 683 3976 should
721 3928 820 4041 §cholir
837 3929 886 4003 and
903 3928 954 4040 thisl
969 3929 990 3976 is
1006 3929 1049 3976 the
1066 3928 1136 4042 ufflal·
1151 3927 1309 4042 000αέιίιῆςοί

104 4009 120 4042 a
154 4029 160 4040 .
721 4009 757 4041 rm
803 4009 847 4041 are
873 4009 899 4041 m
924 4009 1008 4042 siver·
1042 4009 1055 4042 e
1118 4003 1163 4052 tin,
1188 4009 1218 4042 c.
1265 4009 1303 4042 ac.

124 4056 227 4123 poenas]
247 4056 293 4106 ‘let
308 4056 361 4105 him
376 4072 426 4122 pay
436 4073 452 4105 a
463 4057 563 4122 penalty
574 4065 618 4106 not
634 4057 683 4106 less
722 4001 792 4108 iiiii.
805 4069 834 4106 lv
849 4075 878 4120 ¹4
890 4073 921 4106 ne
932 4009 1053 4106 Romaitgis
1064 4059 1161 4123 quidem
1175 4059 1304 4122 ingratum

95 4123 160 4173 than
174 4122 259 4178 death,
278 4123 313 4184 by
328 4121 381 4171 first
397 4123 483 4186 seeing
500 4139 542 4185 my
559 4122 624 4172 head
641 4130 683 4171 cut
721 4123 750 4170 id
761 4124 851 4172 bellum
866 4124 939 4171 cuius
952 4124 1094 4188 ambiguam
1098 4124 1234 4187 fortunam
1252 4124 1305 4172 Ves-

96 4187 166 4246 off';
188 4188 227 4236 ior
248 4195 306 4236 ante
325 4187 357 4235 cl.
381 4187 456 4250 Verg.
479 4188 544 4236 Aen.
568 4199 611 4236 ΧΗ
635 4187 684 4250 650
716 4188 824 4252 pasiano
836 4189 1008 4252 impmaturon
1022 4189 1154 4251 Iuv.v14‚
1169 4203 1196 4252 15
1202 4187 1306 4253 finctus

95 4255 173 4312 hunc,
188 4269 237 4308 oro,
249 4253 304 4302 sine
315 4253 445 4316 mefirrere
456 4253 642 4317 antefrrrarem.
722 4254 845 4302 amicitiae
854 4267 959 4317 magnae
970 4254 1045 4314 cibus,
1056 4254 1165 4318 imputat
1176 4255 1242 4302 hunc
1251 4270 1304 4308 rex,

130 4317 189 4384 ⁶49·
224 4317 683 4382 trullis]equivalenttoomninonon,
722 4325 746 4368 et
765 4318 883 4382 quamuis
905 4335 994 4367 rarum
1016 4326 1100 4369 tamen
1123 4319 1239 4386 imputat,
1256 4319 1307 4368 aud

95 4383 129 4434 ci.
144 4391 204 4432 note
215 4397 248 4431 on
260 4393 301 4432 vu
315 4399 327 4431 a
331 4395 353 4445 5.
724 4383 791 4433 Prof.
804 4382 913 4448 Mayor’s
924 4393 991 4436 note.

131 4449 189 4513 650.
223 4449 301 4512 quad]
317 4449 503 4513 ananciten.
