3080 4954
679 361 1042 423 INTRODUCTION.

509 525 546 580 ad
565 535 669 597 nuptas
688 526 872 582 redeuntibus
890 527 1007 582 maritis.

561 614 632 670 haec
651 624 680 670 te
698 631 754 669 non
774 615 884 684 thyasis
901 631 1007 685 procax
1025 615 1132 672 dolosis

507 699 570 756 salsi
590 702 714 757 numinis
732 702 824 757 induit
843 703 941 772 figura,

507 788 601 858 ipsum
620 790 671 844 sed
690 789 757 844 colit
776 799 803 844 et
821 789 982 860 frequentat
1000 789 1095 861 ipsum

505 875 570 930 imis
588 877 672 931 altius
691 877 806 931 insitum
825 877 965 946 medullis,

507 979 542 1018 ac
560 963 661 1019 solatia
679 980 753 1018 vana
771 965 966 1020 subministrat

507 1051 610 1116 vultus,
628 1051 676 1122 qui
695 1051 780 1107 simili
798 1060 912 1108 notatus
930 1069 999 1108 auro

508 1141 603 1196 stratis
622 1141 771 1210 praenitet,
790 1141 962 1212 incubatque
980 1159 1081 1198 somno

509 1243 632 1282 securae.
671 1229 768 1298 procul
786 1228 853 1282 hinc
872 1230 948 1284 abite
966 1238 1080 1298 mortes,

508 1315 580 1370 haec
598 1317 673 1372 vitae
691 1317 824 1386 genitalis
842 1327 885 1372 est
904 1318 991 1388 origo.

507 1403 590 1458 cedat
609 1404 700 1460 luctus
720 1413 799 1459 atrox
817 1405 953 1476 genisque
971 1415 1088 1461 manent

509 1492 567 1546 iam
586 1493 683 1548 dulces
700 1494 843 1560 lacrimae,
862 1494 999 1565 dolorque
1017 1494 1106 1549 festus

508 1579 646 1651 quidquid
665 1580 779 1636 fleverat
797 1591 872 1649 ante,
891 1598 965 1636 nunc
985 1582 1091 1638 adoret

316 1762 368 1832 (4)
404 1763 534 1822 Martia}

317 1880 326 1920 1
346 1870 377 1922 61

404 1957 530 2026 duosque
550 1957 674 2012 Senecas
692 1957 864 2028 unicumque
883 1959 1029 2014 Lucanum

403 2043 526 2098 facunda
544 2044 667 2114 loquitur
686 2045 827 2100 Corduba.

316 2148 378 2202 The
399 2157 454 2202 two
474 2164 521 2202 are
541 2149 590 2203 the
611 2149 735 2204 Senecas
755 2149 847 2204 father
865 2149 922 2202 and
940 2166 999 2204 son.
1040 2151 1073 2204 ln
1095 2161 1126 2202 lv
1142 2165 1178 2216 40
1194 2151 1242 2205 the
1259 2151 1338 2206 three
1356 2167 1429 2207 sons
1451 2154 1482 2208 ol

262 2236 310 2291 the
323 2235 400 2289 elder
414 2237 523 2290 Seneca
535 2253 583 2290 are
595 2247 699 2292 meant.

315 2353 360 2395 Vll
380 2355 411 2396 21

403 2429 475 2484 haec
494 2439 536 2484 est
555 2429 603 2483 illa
622 2429 683 2485 dies
702 2445 775 2499 quae
794 2429 890 2498 magni
910 2431 1025 2486 conscia
1043 2440 1140 2502 partus

406 2519 550 2571 Lucanum
569 2517 680 2588 populis
698 2527 727 2572 et
746 2517 806 2584 tibi,
828 2517 914 2585 Polla,
934 2518 1020 2572 dedit.

403 2606 457 2658 heu
479 2605 557 2658 Nero
575 2604 697 2658 crudelis
716 2605 849 2674 nullaque
867 2604 983 2660 invisior
1001 2605 1108 2674 umbra,

403 2693 500 2748 debuit
516 2692 572 2746 hoc
591 2691 692 2746 saltem
711 2708 768 2746 non
787 2691 900 2746 licuisse
918 2690 977 2746 tibi.

315 2810 360 2851 vu
381 2812 414 2851 22

404 2885 477 2940 vatis
495 2885 637 2956 Apollinei
656 2901 760 2955 magno
779 2884 972 2940 memorabilis
990 2894 1052 2939 ortu

404 2976 451 3028 lux
469 2974 561 3040 redit;
585 2973 730 3028 Aonidum
749 2975 840 3041 turba,
860 2973 954 3028 favete
972 2974 1068 3028 sacris.

405 3063 475 3117 haec
495 3063 596 3117 meruit
614 3079 680 3117 cum
699 3071 727 3116 te
745 3062 836 3130 terris,
857 3063 980 3128 Lucane,
999 3061 1124 3116 dedisset

404 3149 508 3204 mixtus
528 3149 670 3203 Castaliae
690 3147 786 3203 Baetis
805 3157 836 3202 ut
854 3157 930 3204 esset
948 3164 1046 3218 aquae.

316 3267 361 3308 vn
382 3267 416 3320 23

406 3339 520 3395 Phoebe
538 3339 611 3407 veni,
630 3339 679 3393 sed
699 3348 821 3409 quantus
839 3355 902 3394 eras
922 3355 985 3392 cum
1004 3339 1079 3393 bella
1096 3339 1206 3394 tonanti

405 3431 465 3500 ipse
484 3429 566 3483 dares
587 3427 685 3482 Latiae
702 3413 810 3498 plectra
828 3427 956 3482 secunda
973 3427 1057 3495 lyrae.

404 3518 473 3590 quid
491 3528 571 3573 tanta
589 3533 641 3588 pro
659 3517 721 3570 luce
738 3517 854 3586 precer?
878 3525 917 3584 tu,
939 3515 1027 3584 Polla,
1045 3515 1179 3570 maritum

404 3624 489 3677 saepe
507 3606 585 3661 colas
603 3615 631 3660 et
650 3621 681 3660 se
700 3604 803 3659 sentiat
821 3605 868 3659 ille
885 3604 948 3660 coli.

316 3729 338 3770 x
356 3715 391 3782 64

404 3801 555 3872 contigeris
573 3799 672 3869 regina
689 3813 769 3852 meos
788 3797 811 3851 si
832 3797 911 3851 Polla
929 3797 1048 3866 libellos,

404 3907 462 3944 non
479 3889 579 3944 tetrica
597 3895 710 3942 nostros
729 3887 827 3956 excipe
845 3884 936 3940 fronte
954 3885 1038 3940 iocos.

404 3977 452 4031 ille
469 3987 534 4032 tuus
552 3983 633 4030 vates
652 3973 800 4029 Heliconis
818 3971 909 4042 gloria
927 3973 1014 4027 nostri

406 4065 497 4120 Pieria
515 4071 628 4117 caneret
647 4079 711 4117 cum
729 4062 788 4115 sera
805 4061 881 4115 bella
898 4060 975 4124 tuba,

404 4171 461 4209 non
480 4163 576 4208 tamen
595 4151 706 4206 erubuit
724 4151 831 4206 lascivo
850 4149 944 4206 dicere
962 4167 1045 4204 versu

405 4245 445 4299 ‘si
463 4261 516 4299 nec
534 4242 677 4312 paedicor,
698 4241 790 4309 Cotta,
810 4240 879 4310 quid
896 4240 943 4294 hic
962 4239 1070 4294 iacioi’

317 4349 431 4406 Genthe
443 4365 481 4418 pp
494 4347 579 4400 60-1
595 4343 662 4397 with
679 4350 759 4411 great
775 4341 949 4411 probability
962 4341 1138 4412 conjectures
1152 4343 1213 4398 that
1226 4343 1274 4398 the
1286 4345 1441 4414 quotation
1455 4349 1479 4402 is

262 4442 335 4498 from
350 4433 467 4492 Lucan's
481 4433 662 4488 Sulurrmlr'a.
