3008 4946
233 340 295 422 258
570 339 754 406 LUCANI
788 339 1104 406 PHARSALIAE

362 503 563 587 impendisse
586 504 691 588 pudet
714 503 868 568 lacrimas
891 505 924 567 in
948 503 1063 569 sunere
1085 506 1201 570 mundi

318 607 479 673 mortibus
502 608 692 684 innumeris,
715 629 754 671 ac
777 607 908 691 singula
932 607 1002 672 fata
1024 620 1220 693 sequentem

318 733 484 796 quaerere,
507 711 671 776 letiferum
696 733 755 795 per
778 713 871 776 cuius
894 711 1021 776 uiscera
1044 713 1163 778 uolnus

318 815 456 894 exierit;
487 817 560 898 quis
584 815 657 879 fusa
680 815 752 878 solo
775 814 891 880 uitalia
913 815 1039 892 calcet3
1287 821 1349 886 620

318 939 375 984 ore
397 920 471 1003 quis
493 920 635 984 aduerso
657 920 804 984 demisso
827 919 978 984 faucibus
1002 941 1080 984 ense

317 1023 483 1107 expulerit
505 1027 648 1090 moriens
672 1027 837 1106 animam;
865 1027 939 1109 quis
962 1035 1093 1090 corruat
1115 1026 1191 1102 ictu,

318 1129 391 1211 quis
414 1131 550 1208 steterit,
574 1133 655 1195 dum
679 1132 830 1194 membra
852 1132 997 1195 cadunt:
1026 1131 1099 1212 quis
1123 1141 1257 1214 pectore
1279 1131 1344 1196 tela

317 1234 532 1311 transmittat,
554 1234 607 1298 uel
630 1255 715 1318 quos
737 1236 865 1318 campis
888 1234 1033 1298 affixerit
1055 1232 1168 1298 hasta:

318 1335 391 1418 quis
414 1357 510 1400 cruor
532 1339 672 1402 emissus
696 1339 880 1421 perruperit
904 1357 981 1402 aera
1004 1337 1098 1401 uenis
1287 1337 1344 1418 625

318 1441 417 1522 inque
440 1441 544 1507 hostis
566 1444 665 1506 cadat
688 1463 781 1507 arma
804 1445 875 1508 sui:
905 1444 980 1526 quis
1002 1451 1138 1526 pectora
1161 1441 1271 1506 fratris

317 1543 445 1621 caedat,
467 1556 509 1623 et,
533 1555 569 1610 ut
592 1556 710 1611 notum
733 1548 839 1630 possit
861 1546 1004 1630 spoliare
1027 1547 1177 1620 cadauer,

317 1649 483 1714 abscisum
508 1651 608 1734 longe
630 1653 744 1717 mittat
767 1661 887 1736 caput:
918 1671 976 1715 ora
998 1649 1145 1733 parentis

316 1755 390 1836 quis
413 1754 542 1832 laceret,
564 1756 733 1840 nimiaque
755 1757 874 1840 probet
896 1753 1125 1838 spectantibus
1147 1753 1203 1828 ira,
1286 1754 1351 1834 629

317 1879 417 1941 quem
441 1860 568 1944 iugulat
591 1882 658 1926 non
681 1883 754 1926 esse
777 1871 915 1944 patrem.
962 1879 1051 1924 mors
1074 1857 1164 1920 nulla
1187 1857 1323 1940 querela

318 1963 421 2048 digna
443 1986 504 2030 sua
526 1976 585 2042 est,
608 1967 783 2048 nullosque
806 1965 979 2030 hominum
1003 1963 1116 2046 lugere
1139 1983 1308 2028 uacamus.

318 2088 385 2131 non
408 2069 488 2133 istas
510 2068 627 2133 habuit
649 2089 783 2152 pugnae
806 2068 975 2132 Pharsalia
998 2077 1109 2150 partes

318 2193 400 2255 quas
423 2173 662 2238 aliae'clades:
694 2173 760 2238 illic
783 2174 933 2257 perlata
957 2173 1111 2249 uirorum,

318 2297 378 2359 per
399 2277 542 2360 populos
565 2277 618 2342 hic
643 2280 753 2342 Roma
776 2279 880 2362 perit:
915 2297 1001 2360 quae
1024 2275 1140 2340 militis
1162 2273 1238 2352 illic,

318 2400 406 2444 mors
428 2381 481 2444 hic
504 2382 613 2464 gentis
636 2391 724 2446 erat:
754 2382 887 2464 sanguis
912 2381 956 2444 ibi
980 2379 1079 2444 fluxit
1101 2378 1269 2456 Achaeus,
1285 2381 1346 2461 635

318 2485 483 2563 Ponticus,
506 2485 685 2568 Assyrius:
716 2495 853 2550 cunctos
875 2485 1011 2550 haerere
1033 2506 1165 2550 cruores

318 2589 490 2654 Romanus
511 2592 704 2675 campisque
728 2600 821 2656 uetat
842 2591 1023 2655 consistere
1045 2598 1180 2654 torrens.

316 2693 423 2756 maius
446 2694 489 2758 ab
511 2695 574 2759 hac
597 2697 667 2759 acie
689 2715 791 2778 quam
815 2696 905 2779 quod
929 2714 990 2757 sua
1012 2693 1144 2757 saecula
1168 2691 1290 2756 ferrent

316 2797 436 2862 uolnus
458 2797 584 2864 habent
607 2800 742 2884 populi:
772 2801 847 2883 plus
871 2807 921 2864 est
944 2819 1046 2882 quam
1070 2799 1140 2862 uita
1163 2797 1319 2882 salusque

220 3117 222 3122 .
259 3071 315 3135 617.
341 3071 669 3137 infimeremeendr]‘when
679 3073 721 3123 the
730 3073 808 3124 world
879 3071 937 3124 626.
972 3073 1048 3136 inque
1063 3070 1149 3132 hostis]
1166 3069 1433 3135 cs.Lucret.1v1045
1476 3071 1482 3138 l

226 3135 405 3202 isperishing'.
847 3153 944 3202 -1047
962 3153 1068 3202 namque
1082 3152 1165 3186 omnes
1175 3137 1324 3200 plemmque
1339 3137 1435 3186 cadunt
1481 3141 1482 3144 ’

259 3201 315 3254 620.
350 3202 488 3268 quirfsoa]
508 3203 578 3253 ‘who
594 3205 676 3254 treads
687 3220 755 3268 upon
770 3205 809 3254 his
847 3205 877 3252 in
892 3205 983 3253 uolnrer
999 3209 1022 3252 et
1033 3203 1104 3251 illane
1118 3202 1207 3250 emr'cat
1222 3203 1251 3250 in
1263 3209 1362 3266 partem
1377 3220 1433 3252 san·

226 3268 299 3318 vitals
310 3269 410 3332 trailing
421 3283 454 3316 on
465 3268 507 3318 the
518 3269 635 3332 ground’.
842 3271 902 3334 greis
913 3269 980 3318 unde
990 3269 1084 3317 r'cr'mm
1094 3268 1163 3324 ictu;
1179 3274 1203 3317 et
1215 3269 1241 3316 si
1253 3269 1393 3316 commissus
1405 3277 1436 3318 ert

259 3332 314 3384 621.
349 3349 389 3382 ere
405 3334 460 3398 quis
475 3334 587 3394 aduerso]
605 3334 677 3383 ‘who
692 3335 809 3400 standing
846 3336 935 3384 hostem
948 3333 1130 3398 ruberocmpae
1139 3349 1219 3383 umor.

226 3398 279 3450 sace
301 3405 328 3448 to
350 3399 404 3449 face
426 3398 485 3448 with
508 3399 551 3448 the
573 3399 614 3449 loe
636 3400 741 3450 exhaled
768 3401 807 3450 his
879 3399 936 3459 630.
971 3415 1036 3449 neers
1053 3398 1136 3459 nulla]
1161 3401 1209 3446 ‘no
1226 3397 1303 3446 death
1319 3397 1435 3448 deserves

226 3465 322 3524 breath,
337 3465 410 3514 when
426 3465 468 3514 the
483 3465 564 3514 sword
581 3481 630 3514 was
645 3466 728 3514 struck
744 3465 808 3530 deep
846 3465 1036 3516 alamentation
1047 3464 1076 3513 ol
1089 3465 1120 3514 its
1132 3461 1210 3520 own’,
1228 3463 1271 3512 i.e.
1283 3464 1398 3528 peculias
1409 3475 1434 3515 to

226 3529 280 3579 into
299 3529 338 3580 his
357 3528 458 3580 throat’.
496 3529 562 3580 Oud.
581 3529 612 3578 cf.
633 3531 682 3580 Ov.
702 3531 808 3580 Heroid.
846 3531 876 3580 it.

226 3607 277 3644 x1v
289 3594 340 3658 5,6
355 3596 422 3660 quod
434 3611 526 3644 manus
541 3595 659 3644 extimuit
670 3596 754 3658 ieegulo
768 3597 807 3646 de·
878 3596 934 3661 631.
970 3593 1112 3656 hminum]
1130 3597 1179 3642 ‘no
1197 3592 1372 3656 individuals’,
1393 3597 1433 3646 i.e.

226 3662 323 3710 mittere
325 3661 427 3725 serrum
438 3677 493 3709 sum
506 3677 556 3710 rea.
846 3677 884 3711 we
892 3661 955 3711 have
964 3677 997 3710 no
1005 3660 1066 3710 time
1077 3659 1116 3709 sor
1126 3659 1229 3724 special,
1242 3661 1302 3725 only
1310 3661 1348 3710 sor
1359 3677 1433 3726 gene-

259 3725 315 3790 623.
349 3725 467 3787 membra]
484 3727 525 3776 ie.
540 3726 663 3776 hisarms.
846 3727 882 3775 ral
893 3726 1033 3790 mourning.

257 3791 315 3854 624.
349 3792 514 3854 trammittat]
528 3791 627 3842 ‘allows
637 3793 680 3842 the
691 3808 809 3857 weapons
878 3789 935 3854 ⁶3²·
963 3807 1014 3840 non
1026 3791 1097 3852 istas]
1110 3791 1175 3841 ‘had
1187 3798 1233 3850 not
1243 3791 1287 3841 the
1295 3807 1364 3842 same
1376 3794 1433 3844 eha-

225 3863 252 3906 to
263 3872 321 3922 pass
330 3856 438 3922 through
450 3857 489 3908 his
499 3855 601 3916 breast’,
615 3857 645 3908 cl.
658 3867 718 3908 note
728 3873 762 3907 on
774 3871 808 3908 111
846 3863 925 3906 recter
936 3856 965 3906 os
973 3855 1061 3921 fightin
1084 3855 1100 3904 ’.
1481 3905 1482 3912 ,

226 3921 282 3973 660.
878 3921 935 3986 ⁶36.
969 3873 1080 3984 cunctosl
1112 3936 1145 3970 sc.
1182 3929 1339 3972 exterorum:
1376 3925 1434 3974 ‘the

259 3986 316 4050 625.
351 3987 418 4052 quis]
441 3987 462 4038 is
481 3987 605 4053 probably
623 3989 707 4039 dative
727 3989 808 4053 plural
847 3996 941 4038 torrent
957 3987 986 4037 oi
1003 3989 1102 4038 Roman
1122 3987 1200 4036 blood
1221 3987 1316 4038 sorbids
1334 3990 1372 4039 all
1393 3992 1434 4041 the

227 4051 314 4103 iuthis
325 4053 383 4103 line.
847 4061 895 4104 rest
918 4063 944 4104 to
966 4055 1047 4118 linger
1071 4054 1122 4103 and
1145 4061 1173 4102 to
1195 4059 1311 4118 stagnate
1332 4071 1368 4105 on
1392 4057 1435 4106 the

254 4118 408 4184 perruperit]
427 4118 493 4168 Oud.
512 4119 543 4169 cf.
561 4119 610 4170 Ov.
630 4120 692 4168 Met.
714 4131 743 4168 1v
763 4136 806 4170 121
847 4119 950 4184 plains’.
1481 4161 1482 4166 ,

226 4200 308 4246 -124
330 4191 359 4232 ut
380 4185 458 4232 decuit
483 4185 614 4249 resupinus
638 4185 712 4234 humi
737 4201 810 4234 cruor
879 4182 933 4250 ⁶³9·
971 4183 1072 4246 uolnus]
1106 4185 1136 4232 ‘a
1159 4191 1260 4248 greater
1283 4185 1375 4245 blow',
1402 4189 1432 4236 ci.

226 4249 313 4298 emicat
328 4249 384 4309 alte,
402 4265 453 4298 non
467 4251 630 4314 alr'terquam
645 4265 702 4298 cum
719 4251 809 4299 uitiato
847 4261 865 4297 v
895 4262 904 4298 1
933 4249 994 4298 Tac.
1026 4249 1107 4314 Agric.
1142 4261 1185 4298 vn
1217 4266 1319 4314 sequens
1346 4267 1436 4301 annus

218 4313 312 4378 fistula
319 4313 420 4376 plumbo
430 4315 560 4372 scinditur,
570 4321 682 4364 etterrues
692 4316 810 4364 stnllente
843 4316 922 4378 graui
942 4317 1045 4364 uulnere
1066 4316 1183 4364 animum
1208 4315 1358 4383 domumque
1383 4319 1436 4368 eis-ss

220 4377 350 4440 foramine
376 4379 446 4441 longe
472 4381 612 4430 eiaculatur
631 4397 710 4446 aquas
736 4387 810 4446 atque
846 4380 955 4446 adflixit.

227 4443 315 4493 ictibus
325 4458 383 4492 aera
394 4445 498 4510 rumpit.
