3060 4956
389 363 451 422 RE
456 363 482 423 C
486 362 703 422 URRENCE
735 361 795 424 OF
818 361 1028 425 PHRASES
1212 362 1312 424 lxxxiii

102 517 242 600 phrases
258 519 353 584 takes
369 521 410 584 its
427 521 529 603 place.
576 522 640 585 But
656 519 713 585 the
734 519 831 586 effect
852 521 890 586 oi
906 521 972 586 this
993 522 1168 588 rhetorical
1185 523 1313 606 variety

102 623 131 684 is
147 632 372 686 monotonous
388 625 421 686 in
435 644 480 688 an
497 625 569 707 epic
586 645 692 707 poem.

168 725 219 789 At
235 725 292 790 the
307 747 399 790 same
420 727 502 791 time
524 728 638 792 Lucan
661 739 784 792 cannot
805 730 904 793 avoid
926 751 968 795 an
990 729 1177 795 occasional
1194 730 1313 814 repeti-

101 830 174 892 tion
196 830 235 894 os
253 853 273 894 a
294 832 522 897 combination
544 831 583 896 of
602 833 718 896 words.
765 833 830 897 But
851 832 946 898 these
961 855 1033 898 rare
1049 835 1241 917 repetitions
1257 855 1313 898 are

102 935 230 1018 merely
251 934 371 1013 casuaL
388 947 448 1002 not
469 937 526 1002 the
547 937 649 1002 result
670 937 709 1000 ol
727 959 770 1001 an
792 938 908 1002 artless
929 960 967 1002 or
987 939 1121 1003 tasteiul
1145 941 1312 1004 readiness

101 1047 140 1101 to
162 1041 299 1124 employ
321 1041 379 1105 the
401 1063 494 1106 same
516 1042 637 1126 phrase
660 1051 696 1106 to
720 1063 859 1126 express
886 1043 943 1107 the
967 1065 1060 1107 same
1087 1046 1170 1110 idea.
1215 1045 1313 1126 They

102 1142 212 1226 might
235 1143 368 1229 happen
389 1145 460 1228 just
483 1165 519 1209 as
539 1145 612 1210 well
637 1146 669 1209 in
693 1166 799 1230 prose.
846 1146 861 1210 I
886 1147 963 1230 give
985 1147 1042 1212 the
1065 1157 1153 1213 most
1177 1147 1313 1212 notable

101 1245 281 1312 instances.

100 1408 111 1449 1
231 1411 279 1468 155
317 1397 345 1452 in
364 1415 416 1453 sua
434 1399 541 1469 templa
559 1397 625 1453 furit
776 1411 860 1454 1200
896 1401 996 1468 Roma,
1015 1400 1079 1454 iave
1097 1401 1223 1559 coeptis}

100 1495 138 1536 1Χ
229 1499 277 1552 321
318 1483 346 1538 in
362 1501 413 1540 sua
427 1502 515 1555 regna
529 1485 625 1541 furens
729 1498 857 1556 V111322
895 1487 995 1554 Roma,
1014 1487 1078 1542 save
1096 1487 1233 1557 coeptis·

350 1703 547 1740 mansuescere
564 1686 661 1742 fauces

99 1780 134 1822 1v
154 1784 274 1839 239-41
314 1770 337 1826 si
355 1771 463 1825 torrida
480 1788 583 1841 parvos
601 1771 678 1826 venit
697 1771 726 1826 in
743 1789 794 1826 ora
811 1789 893 1828 cruor
905 1813 1112 1828 ..................

99 1611 110 1651 1
173 1609 278 1664 331—2
315 1597 407 1651 nullus
427 1597 515 1652 semel
533 1613 581 1652 ore
600 1607 729 1668 receptus
748 1599 869 1667 pollutas
891 1599 997 1668 patitur
1018 1597 1133 1668 sanguis
1151 1607 1171 1907 ]

351 1859 569 1930 admonitaeque
588 1869 697 1914 tument
715 1869 828 1929 gustato
847 1859 985 1930 sanguine
1003 1861 1100 1915 lauces

351 2061 491 2115 cadavera
509 2077 611 2132 campo

96 2149 279 2218 V111438—9
315 2159 343 2204 et
361 2161 459 2205 nostra
477 2150 618 2205 cadavera
636 2149 730 2220 Tigris
755 2149 855 2204 detulit
873 2150 902 2204 in
927 2159 1017 2206 terras
1046 2166 1080 2204 ac
1105 2149 1165 2205 red·

349 2237 419 2292 didit

97 2363 122 2404 11
188 2415 190 2418 Ι
225 2363 277 2419 304
314 2350 355 2405 sic
373 2360 418 2404 eat
529 2362 682 2420 1v501—2
720 2349 845 2403 sednon
864 2349 972 2404 maiora
990 2359 1140 2420 supersunt
1159 2350 1309 2506 obsessis}

96 2450 116 2490 v
226 2449 276 2506 297
314 2438 354 2490 sic
373 2446 419 2491 eat
527 2449 560 2492 1Χ
580 2437 685 2506 865-6
721 2437 816 2492 forsan
835 2438 944 2492 maiora
963 2449 1111 2508 supersunt
1130 2438 1263 2510 ingressis

99 1984 123 2025 11
173 1972 279 2040 217-8
315 1991 368 2029 nec
387 1975 444 2028 iam
463 1974 559 2028 alveus
577 1989 691 2028 amnem
710 1991 763 2029 nec
782 1975 901 2028 retinent
920 1974 997 2046 ripae
1016 1974 1205 2301 redditque}

97 2643 134 2683 1Χ
225 2630 277 2698 987
314 2639 345 2684 ut
363 2629 443 2684 ducis
463 2629 589 2699 implevit
607 2629 685 2684 visus
703 2629 865 2682 veneranda
883 2639 1008 2683 vetustas

95 2729 120 2769 Χ
152 2730 277 2784 239-40
311 2717 447 2786 zephyros
465 2733 576 2787 quoque
594 2733 669 2770 vana
687 2725 812 2770 vetustas
832 2715 876 2768 his
896 2715 1030 2769 adscribit
1049 2717 1129 2785 aquis

96 2557 130 2598 iv
227 2557 280 2613 590
314 2544 416 2597 Antaei
436 2560 508 2614 quae
527 2560 614 2612 regna
632 2553 715 2596 vocat
734 2559 792 2596 non
810 2559 885 2597 vana
903 2551 1028 2598 vetustas

96 2817 120 2857 Χ
224 2818 275 2872 323
313 2804 380 2858 hinc
397 2803 511 2858 Abaton
527 2821 614 2875 quam
630 2814 727 2859 nostra
741 2815 823 2858 vocat
842 2805 1005 2860 veneranda
1023 2573 1166 2873 vetustasi

93 2937 115 2976 v
227 2923 280 2992 356
316 2925 418 2994 quibus
436 2924 482 2978 hic
501 2941 559 2978 non
578 2924 679 2979 sufficit
698 2925 774 2978 orbis
937 2925 952 3078 l

95 3025 119 3066 Χ
224 3013 278 3081 456
314 3013 360 3068 cui
380 3013 501 3067 Romani
520 3014 643 3084 spatium
663 3030 719 3068 non
739 3012 841 3066 sufficit
860 3012 936 3066 orbis

95 3141 117 3180 v
222 3127 274 3195 692
312 3143 372 3181 sors
392 3126 492 3180 ultima
509 3143 602 3180 rerum

93 3227 142 3269 vil
227 3227 275 3267 122
311 3213 388 3283 quod
407 3229 469 3266 sors
488 3213 557 3268 leret
575 3213 675 3268 ultima
693 3128 803 3282 rerum]

94 3344 156 3385 viii
191 3345 275 3386 11--2
312 3341 449 3403 quantum
468 3347 519 3402 pro
539 3331 669 3384 Caesaris
688 3331 749 3402 ipse
767 3330 864 3385 avolsa
882 3327 990 3384 cervice
1008 3327 1106 3485 daret}

95 3436 131 3476 1Χ
155 3435 277 3491 1023-4
311 3421 445 3493 quicquid
463 3437 515 3492 pro
535 3419 634 3489 Magni
653 3420 761 3476 cervice
780 3420 863 3474 dares

94 3539 154 3582 v111
222 3541 276 3580 210
311 3526 358 3596 qui
378 3543 477 3597 sparsa
495 3525 575 3579 ducis
593 3525 713 3595 vestigia
730 3525 798 3594 legit
989 3523 1005 3680 l

94 3627 133 3668 rx
169 3627 277 3684 952-3
312 3615 392 3670 cuius
410 3614 530 3683 vestigia
547 3614 649 3668 frustra
667 3614 748 3669 terris
769 3629 868 3683 sparsa
887 3613 984 3680 legens

347 3815 406 3868 iata
424 3823 528 3882 tecum,
546 3815 661 3884 Magne,
679 3815 773 3868 volet?

93 3741 154 3782 vni
168 3731 273 3796 360-2
311 3744 385 3782 nunc
404 3737 498 3782 tantas
517 3727 562 3780 ille
581 3728 702 3781 lacesset
720 3725 807 3780 auditi
826 3723 941 3779 victoris
959 3739 1028 3794 opes
1047 3733 1094 3778 aut
1113 3723 1227 3793 iungere

93 3921 155 3962 vui
226 3919 276 3975 533
314 3921 388 3958 nunc
407 3903 522 3958 victoris
541 3917 609 3974 opes
628 3912 656 3957 et
676 3901 790 3971 cognita
808 3901 867 3954 sata
885 3900 1020 3955 lacessis?
1229 3726 1246 3970 i

96 4033 132 4076 1Χ
221 4017 276 4087 496
314 4016 436 4084 Libycae
455 4015 550 4069 finitor
568 4015 687 4068 circulus
706 4030 771 4068 orae

94 4121 119 4162 Χ
224 4121 275 4160 212
313 4105 383 4159 varii
402 4113 525 4158 mutator
543 4103 662 4158 circulus
681 4102 748 4157 anni
772 4016 789 4170 l

151 4248 187 4300 111
211 4255 234 4297 11
256 4257 370 4312 341-2,
390 4241 502 4310 378-9,
525 4240 573 4294 the
597 4239 745 4309 repetition
765 4237 923 4308 ofsoedera
937 4238 1031 4307 prisci
1047 4238 1106 4290 tori
1125 4237 1148 4292 is
1168 4238 1305 4308 probably

95 4352 132 4388 an
150 4331 319 4388 intentional
331 4329 511 4400 parallelism,
524 4329 557 4383 oi
572 4345 609 4382 no
621 4336 700 4398 great
719 4327 819 4382 merit:
838 4327 895 4381 and
911 4327 1033 4399 perhaps
1049 4337 1106 4380 v111
1121 4326 1233 4398 360-2‚
1245 4339 1258 4398 5
1262 4341 1304 4418 33,

96 4425 121 4480 is
139 4424 188 4479 the
207 4437 294 4478 same.
