3010 4944
534 354 723 421 LUCANI
756 351 1076 420 PHARSALIAE

290 522 337 586 sic
359 541 443 606 opus
466 530 518 586 est
540 520 674 584 mundo.
721 517 893 602 Zephyros
916 537 1049 602 quoque
1073 539 1163 583 uana
1184 529 1333 584 uetustas

289 625 341 690 his
363 626 520 690 adscribit
543 625 646 708 aquis,
670 643 812 707 quorum
835 631 924 687 stata
947 632 1100 706 tempora
1122 623 1222 689 flatus
1263 640 1327 706 240

291 729 506 812 continuique
528 729 599 792 dies
622 737 656 791 et
677 727 710 790 in
734 747 811 790 aera
833 725 934 808 longa
957 733 1124 810 potestas:

290 832 344 897 uel
366 833 456 917 quod
479 832 523 896 ab
545 831 684 896 occiduo
707 829 835 913 pellunt
855 839 908 894 tot
930 829 1045 894 nubila
1067 827 1160 894 caelo

289 947 381 1002 trans
405 937 520 1000 Noton
543 945 578 1000 et
600 934 703 999 fluuio
725 944 850 1018 cogunt
872 934 1064 999 incumbere
1086 933 1236 999 nimbos:

290 1039 343 1104 uel
366 1040 457 1123 quod
481 1059 585 1122 aquas
608 1038 732 1102 totiens
755 1037 939 1120 rumpentis
962 1036 1060 1101 litora
1083 1037 1152 1100 Nili

222 1205 233 1228 ‚
289 1145 429 1210 adsiduo
451 1144 573 1208 feriunt
595 1152 785 1226 coguntque
808 1142 958 1206 resistere
980 1140 1121 1206 fluctus:
1264 1155 1322 1222 245

244 1241 245 1244 '
290 1245 345 1311 ille
368 1267 461 1310 mora
484 1266 598 1310 cursus
621 1245 818 1328 aduersique
841 1244 949 1310 obiice
971 1244 1066 1326 ponti

291 1359 421 1414 aestuat
444 1351 477 1412 in
501 1369 645 1432 campos.
691 1357 769 1412 sunt
791 1348 847 1431 qui
870 1347 1052 1430 spiramina
1073 1347 1168 1411 terris

292 1475 364 1518 esse
387 1463 507 1537 putant
529 1473 735 1536 magnosque
758 1473 860 1517 cauae
883 1451 1055 1535 compagis
1077 1451 1196 1515 hiatus.

293 1567 459 1624 commeat
481 1557 545 1621 hac
567 1559 699 1640 penitus
722 1559 832 1621 tacitis
855 1557 1055 1621 discursibus
1078 1557 1169 1621 unda

293 1661 413 1744 frigore
436 1661 479 1724 ab
501 1660 630 1724 Arctoo
652 1661 799 1724 medium
823 1669 979 1724 reuocata
1002 1660 1064 1724 sub
1086 1679 1197 1756 axem,
1264 1673 1328 1740 250

294 1785 369 1830 cum
395 1764 547 1830 Phoebus
571 1766 690 1848 pressit
713 1765 851 1829 Meroen
874 1763 1040 1848 tellusque
1063 1773 1198 1846 perusta

294 1867 371 1933 illuc
394 1869 493 1932 duxit
516 1888 629 1951 aquas.
674 1867 815 1932 trahitur
837 1867 1039 1952 Gangesque
1063 1868 1240 1951 Padusque

295 1995 354 2058 per
375 1973 514 2038 taciturn
537 1973 673 2052 mundi;
703 1981 784 2036 tunc
807 1972 920 2037 omnia
943 1971 1081 2036 flumina
1104 1971 1202 2036 Nilus

294 2097 361 2142 uno
384 2077 475 2141 sonte
498 2096 637 2140 uomens
660 2097 726 2140 non
750 2096 817 2139 uno
838 2075 970 2159 gurgite
992 2074 1124 2158 perfert.

294 2201 406 2245 rumor
428 2180 472 2244 ab
494 2201 620 2244 oceano
644 2180 701 2263 qui
723 2189 827 2245 terras
850 2179 979 2263 adligat
1000 2199 1119 2244 omnes
1264 2193 1302 2262 25
1308 2193 1324 2262 5

295 2285 489 2350 exundante
510 2283 625 2366 procul
648 2283 831 2348 uiolentum
854 2304 1027 2367 erumpere
1049 2284 1175 2360 Nilum,

294 2407 543 2472 aequoreosque
565 2387 649 2451 sales
672 2387 774 2472 longo
797 2389 968 2452 mitescere
990 2397 1107 2453 tractu.

296 2515 357 2559 nec
381 2513 447 2557 non
472 2513 597 2557 oceano
621 2493 711 2576 pasci
736 2493 975 2576 Phoebumque
997 2493 1178 2577 polumque

295 2599 482 2664 credimus:
511 2597 599 2662 hunc
621 2598 720 2662 calidi
743 2599 854 2682 tetigit
875 2619 951 2662 curn
975 2597 1128 2662 bracchia
1152 2597 1270 2662 Caneri

295 2701 345 2766 sol
368 2703 463 2785 rapit,
486 2711 587 2785 atque
609 2702 720 2766 undae
741 2701 816 2785 plus
838 2721 940 2786 quam
962 2703 1053 2785 quod
1076 2701 1206 2784 digerat
1228 2721 1286 2764 aer

295 2805 430 2872 tollitur.
474 2805 538 2870 hoc
562 2815 676 2871 noctes
699 2806 843 2872 referunt
866 2806 1012 2890 Niloque
1034 2805 1223 2870 refundunt.
1264 2805 1324 2870 261

243 3025 300 3077 ²39·
334 3013 455 3078 Zephyros
466 3012 594 3074 adscribit]
611 3012 652 3062 i.e.
665 3011 793 3078 Zephyros
831 3012 864 3064 G.
874 3023 904 3061 1v
917 3009 1059 3076 363—373:
1077 3009 1131 3060 also
1146 3009 1211 3059 Plat.
1224 3007 1383 3058 Phaedoni
1399 3021 1417 3058 c

209 3095 310 3130 eausam
322 3094 375 3128 esse
387 3079 429 3128 ait.
458 3079 550 3127 Weise.
586 3079 628 3126 He
640 3077 693 3128 also
707 3077 793 3128 thinks
830 3094 910 3128 -112
925 3089 950 3125 u.
979 3077 1031 3126 For
1041 3075 1190 3124 discursibus
1201 3074 1233 3124 ci.
1245 3073 1348 3123 diuersa
1358 3075 1418 3122 leeris

209 3145 264 3195 that
283 3145 326 3194 the
347 3145 449 3194 Etesian
464 3143 544 3194 winds
564 3159 606 3192 are
623 3143 682 3194 here
699 3151 790 3202 meant,
831 3143 857 3192 in
867 3142 910 3192 the
921 3157 1026 3208 passage
1037 3141 1066 3191 oi
1074 3141 1150 3204 Verg.
1162 3141 1228 3190 cited
1240 3139 1331 3188 above.

210 3209 293 3260 which
304 3209 419 3259 however
431 3209 496 3258 blew
508 3209 572 3258 from
584 3209 627 3284 the
636 3207 729 3286 north..
865 3223 920 3270 250.
955 3209 1062 3256 medium
1089 3207 1133 3255 sub
1160 3205 1242 3266 axem]
1265 3221 1300 3254 sc.
1325 3213 1351 3254 to
1373 3203 1417 3254 the

211 3291 320 3392 eiiii
335 3276 376 3326 '“'
395 3275 471 3340 qm]
505 3274 643 3416 ΨΜ
665 3275 793 3416 Ψ·
831 3273 1016 3388 ttttuti
1031 3271 1420 3402 iibffniidbffl

211 3423 321 3523 Grqqffis
334 3405 376 3456 ecel
406 3404 485 3470 quod]
517 3403 632 3454 Thaletis
664 3404 793 3470 placitum.
833 3401 1284 3534 Sepsqlsopprtetaqpttr‘t'tnfiqundmer
1295 3481 1416 3517 caumas

244 3538 331 3586 tote'ens
347 3535 485 3600 rumpentr's
502 3534 587 3596 litora]
606 3535 732 3598 ‘bursting
751 3541 796 3585 out
833 3507 939 3585 latentis.
978 3534 1064 3586 Schol.
1175 3598 1180 3608 .

282 3601 335 3717 tt
362 3617 404 3652 Μ
432 3601 465 3666 br
487 3617 516 3650 ⁵⁰
642 3602 687 3662 t·
709 3601 795 3662 ue>
832 3595 1323 3714 trememtem}
1338 3597 1418 3726 tn

211 3675 301 3798 mm.
327 3701 436 3796 tegunt]
458 3731 522 3781 ‘and
544 3731 643 3796 compel
665 3731 697 3780 its
714 3747 796 3781 waves
832 3728 927 3806 flood'j
943 3729 1063 3794 referring
1079 3737 1106 3778 to
1122 3729 1165 3777 the
1181 3743 1258 3778 seven
1275 3728 1378 3778 mouths
1392 3727 1422 3777 oi

212 3807 239 3850 to
255 3797 329 3855 halt',
343 3797 384 3848 i.e.
402 3807 429 3847 to
446 3796 503 3846 flow
520 3797 596 3846 down
613 3813 682 3846 more
699 3797 794 3873 slowly.
833 3797 876 3846 the
888 3796 955 3846 Nile.
1006 3860 1011 3871 Ι
1087 3860 1094 3884 ‹
1239 3856 1246 3880 ἱ
1499 3805 1500 3808 ’

204 3863 515 3996 jiumzzgqudzilldddd
531 3861 647 3978 esd-uide
660 3863 795 3976 {idm
834 3857 1254 3990 Αέἓνῐαίζξαςνίεῗιζξῗῖαῗσ
1272 3855 1419 3972 e'ncdmdderd's

212 3995 284 4045 leniit
298 4001 322 4044 et
336 3995 411 4043 tacita
426 3994 533 4058 refluens
550 3993 792 4054 itasubstilrtunda,
834 3991 903 4040 unda
915 3991 1017 4056 adligat.
1222 4053 1227 4064 Ι

213 4061 279 4110 mete's
306 4066 336 4108 ut
362 4060 390 4107 e'n
418 4075 509 4108 morem
532 4059 618 4124 stagni
639 4059 796 4124 placidaeque
868 4071 924 4120 257.
958 4053 1084 4116 mitescere]
1099 4055 1165 4103 ‘lose
1176 4053 1242 4104 their
1254 4051 1367 4103 savour’.

208 4125 311 4193 palude&
332 4131 447 4174 sterneret
468 4141 560 4190 aequor
584 4125 657 4190 aquei
681 4139 746 4172 remo
768 4130 796 4172 ut
869 4123 923 4184 258.
954 4119 1297 4210 parce]ci.not‘esou14r5,
1312 4131 1393 4183 vt15.

214 4191 490 4320 lmdzzmszbeirddt'ina]
508 4254 655 4319 ‘breathing
672 4254 755 4318 places
768 4253 794 4302 in
834 4185 1116 4316 thdgir'cai’digpffl
1140 4184 1418 4299 &opphrpqustpqregqq

215 4321 259 4372 the
270 4321 340 4370 earth
357 4321 406 4370 and
422 4327 476 4371 vast
492 4320 590 4370 chasms
605 4319 631 4370 in
645 4319 688 4370 the
702 4319 795 4368 holtow
833 4319 847 4377 ἕ
870 4331 901 4382 53
919 4317 1068 4381 plerumque
1088 4331 1146 4366 uero
1161 4315 1275 4364 damnosa
1298 4321 1420 4364 torrenter

217 4386 246 4436 oi
253 4385 286 4434 its
297 4385 394 4434 irame'.
833 4383 1002 4433 cenriuantur
1020 4381 1128 4431 detracta
1149 4380 1251 4430 collitus
1270 4379 1341 4429 silua
1362 4396 1419 4429 coee-
1499 4385 1500 4448 t

250 4447 649 4520 2495commeat1‘penetrates'.
675 4449 792 4516 civerg.
834 4451 910 4498 tinere
919 4447 1170 4512 nimbosacdtgerere
1178 4451 1300 4496 commta.
