2966 4948
534 347 733 413 LUCANt
751 345 1070 412 PHARSALIAE

288 531 354 574 non
378 520 549 575 momenta
573 531 706 574 sumus:
737 529 922 593 numquam
946 509 1097 573 felicibus
1120 509 1221 572 armis

287 635 348 678 usa
370 635 498 691 manua,
521 615 649 697 patriae
671 615 787 697 primis
810 633 830 676 a
852 613 988 676 sedibus
1011 613 1117 688 exsul,

287 727 321 782 et
344 727 421 802 post
443 719 620 782 translatas
644 727 786 780 exustae
810 715 974 780 Phocidos
998 737 1098 791 arces,
1258 730 1324 794 340

289 823 464 885 moenibus
485 822 618 904 exiguis
640 821 750 884 alieno
774 821 807 882 in
831 820 928 883 litore
950 821 1023 897 tuti,

290 926 433 989 illustrat
455 946 540 1008 quos
563 925 635 988 sola
658 924 750 988 fides,
794 925 822 1004 si
846 924 1001 988 claudere
1024 944 1136 987 muros

289 1031 464 1094 obsidione
486 1051 583 1113 paras
606 1039 640 1093 et
663 1031 696 1092 ui
719 1029 922 1112 perfringere
945 1041 1068 1112 portas,

289 1135 463 1217 excepisse
486 1135 575 1198 faces
597 1136 695 1198 tectis
718 1144 752 1198 et
773 1133 842 1197 tela
865 1133 981 1216 parati,

291 1239 455 1302 undarum
479 1248 594 1320 raptos
616 1239 742 1302 auersis
765 1237 914 1302 fontibus
937 1237 1077 1300 haustus
1259 1249 1320 1315 345

289 1362 447 1425 quaerere
470 1345 504 1406 et
526 1343 681 1406 effossam
704 1343 854 1406 sitientes
877 1341 1024 1406 lambere
1045 1350 1177 1406 terram.

290 1455 333 1524 et,
355 1446 442 1509 desit
464 1446 492 1509 si
516 1445 609 1528 larga
632 1446 742 1522 Ceres,
766 1455 846 1509 tunc
868 1444 1004 1508 horrida
1026 1446 1115 1508 cerni

290 1548 454 1631 foedaque
477 1549 626 1632 contingi
651 1548 819 1613 maculato
841 1569 977 1631 carpere
1000 1568 1119 1611 morsu.

291 1673 352 1716 nec
375 1661 476 1734 pauet
499 1651 553 1716 hic
575 1650 719 1734 populus
742 1671 803 1733 pro
826 1650 980 1714 libertate
1002 1651 1112 1714 subire

290 1755 463 1820 obsessum
486 1756 598 1820 Poeno
620 1757 723 1839 gessit
745 1757 835 1839 quod
860 1757 970 1819 Marte
994 1755 1193 1837 Saguntum.
1262 1767 1327 1836 350

292 1859 481 1943 pectoribus
505 1863 590 1944 rapti
614 1869 758 1925 matrum
782 1860 970 1943 frustraque
992 1859 1162 1924 trahentes

292 1963 395 2027 ubera
417 1963 505 2028 sicca
528 1964 616 2028 fame
639 1965 768 2028 medios
792 1964 968 2027 mittentur
990 1961 1023 2024 in
1047 1962 1161 2044 ignes3

293 2089 380 2131 uxor
402 2077 437 2132 et
459 2089 479 2132 a
502 2089 578 2132 caro
601 2079 718 2152 poscet
741 2067 803 2131 sibi
827 2067 897 2131 fata
920 2068 1048 2131 marita.

293 2171 430 2236 uolnera
453 2173 639 2236 miscebunt
661 2173 779 2237 fratres
802 2171 995 2255 bellumque
1018 2173 1125 2236 coacti

292 2274 357 2338 boc
379 2275 492 2357 potius
514 2275 612 2339 ciuile
634 2283 760 2358 gerent.
804 2277 852 2338 sic
875 2275 976 2340 Graia
999 2275 1154 2340 iuuentus
1264 2289 1324 2356 355

293 2377 440 2442 finierat:
469 2399 546 2443 cum
569 2381 704 2445 turbato
727 2381 794 2444 iam
818 2382 952 2464 prodita
975 2380 1069 2446 uoltu

294 2483 342 2546 ira
365 2483 459 2546 ducis
481 2483 621 2548 tandem
644 2491 768 2548 testata
791 2493 842 2548 est
866 2504 948 2548 uoce
971 2482 1142 2548 dolorem:

336 2606 424 2649 uana
446 2595 561 2651 mouet
584 2588 702 2652 Graios
725 2588 828 2651 nostri
850 2588 971 2652 fiducia
992 2607 1124 2652 cursus:

293 2689 447 2771 quamuis
472 2690 673 2773 Hesperium
697 2691 813 2755 mundi
837 2711 1053 2774 properemus
1074 2692 1118 2755 ad
1140 2711 1242 2754 axem

295 2793 480 2857 Massiliam
504 2793 615 2858 delere
638 2803 745 2859 uacat.
790 2795 935 2878 gaudete
958 2795 1130 2860 cohortes:
1263 2797 1326 2875 360

293 2897 395 2961 obuia
417 2899 619 2980 praebentur
641 2899 784 2963 fatorum
809 2919 946 2963 munere
968 2898 1065 2964 bella

294 3010 414 3065 uentus
437 3011 474 3066 ut
496 3003 621 3068 amittit
643 3005 739 3080 uires,
761 3005 823 3068 nisi
846 3004 963 3068 robore
987 3003 1109 3068 densae

242 3139 296 3202 338.
333 3138 464 3200 mommta]
496 3139 528 3188 cf.
557 3151 587 3188 1v
615 3141 663 3206 819
685 3155 789 3190 1111111111-
862 3157 918 3206 351.
944 3139 1241 3207 frmtraquetrakantes]
1259 3139 1412 3206 ‘tuggingin

207 3210 310 3268 tumque
312 3203 372 3268 suit
383 3211 494 3253 mutatus
507 3205 586 3254 Cun'o
598 3221 692 3254 rerum.
828 3207 886 3256 vain
899 3207 946 3257 at’.

242 3285 299 3333 340·
324 3269 451 3331 Phocidos]
468 3285 502 3319 sc.
519 3271 645 3320 Phocaeae.
674 3271 706 3320 cf.
719 3283 737 3320 v
750 3283 789 3334 53.
863 3285 918 3335 354.
952 3269 1414 3335 mucebunt1cf.Verg.Aen.x11710

242 3351 297 3399 341.
333 3335 392 3396 tuta]
414 3335 562 3399 ‘defendiog
576 3334 722 3386 ourselves’.
756 3336 788 3385 cf.
829 3337 872 3386 illi
883 3338 950 3386 inter
959 3354 1006 3386 sese
1017 3338 1097 3386 multa
1108 3337 1250 3386 uiuolnera
1262 3337 1368 3385 1111111111.

210 3399 275 3449 Hor.
288 3400 340 3450 Sat.
356 3411 377 3448 11
390 3399 398 3448 i
412 3416 442 3450 ao
453 3401 498 3449 cui
506 3401 571 3450 neale
578 3402 603 3450 si
608 3402 707 3466 palpere
716 3402 790 3450 recal-
861 3402 945 3463 coacti]
961 3401 994 3450 ‘if
1001 3403 1087 3451 driven
1100 3409 1126 3451 to
1138 3401 1156 3450 it
1168 3401 1221 3451 will
1233 3417 1304 3466 wege
1314 3401 1346 3466 by
1357 3415 1413 3465 pre·

209 3467 284 3514 eilrat
294 3465 491 3530 undiquetutus.
829 3466 926 3518 ference
938 3468 987 3516 this
999 3468 1060 3516 kind
1072 3467 1100 3516 of
1108 3467 1166 3516 civil
1178 3465 1250 3515 war'.

242 3543 298 3594 345.
332 3530 473 3592 undarum]
496 3531 584 3594 ‘ready
607 3537 633 3580 to
654 3531 713 3580 seelr
736 3546 791 3580 new
863 3545 918 3594 357.
944 3533 1059 3594 dolorem]
1075 3529 1264 3597 ‘indignation’.
1289 3531 1320 3581 cf.
1334 3531 1411 3595 Verg.

208 3595 328 3660 draughts
347 3595 377 3644 of
393 3604 469 3645 water
489 3595 511 3644 if
527 3596 586 3660 they
605 3612 647 3646 are
671 3597 791 3646 snatched
829 3599 1068 3662 Aen.x1732,733
1085 3599 1257 3662 qur'snaetusa
1274 3612 1413 3661 numquam

208 3660 272 3711 from
284 3677 313 3710 us
324 3661 358 3724 by
369 3659 412 3710 the
422 3661 548 3710 diversion
560 3661 590 3710 of
597 3662 639 3711 the
651 3660 769 3727 springs’.
828 3663 934 3712 dolituri
948 3679 961 3712 0
977 3671 1070 3726 semper
1085 3663 1174 3712 inertes
1202 3663 1333 3726 Tyrrheni,
1350 3677 1414 3726 quae

242 3724 297 3790 34⁶·
330 3725 449 3802 ffrsaam]
461 3725 492 3802 cf.
507 3737 538 3774 lv
550 3741 597 3792 309
608 3725 661 3804 foll.
828 3734 902 3794 tauta
912 3728 1004 3777 animis
1017 3729 1119 3804 ignauia
1131 3727 1220 3776 uenit?
1334 3792 1340 3804 ι

212 3791 793 3922 aaa‘indiffinita-attilia
827 3791 1414 3924 jan·‚ttart:x10mttuua

208 3921 303 3971 touch!
322 3921 749 3985 Oud.cf.Sil.ltal.115msacuas
782 3935 795 3970 e
830 3923 913 3972 stacle.
960 3923 991 3972 cf.
1011 3925 1083 3972 Caes.
1104 3923 1133 3972 Β.
1152 3923 1184 3972 G.
1202 3935 1245 3972 vn
1272 3937 1300 3988 ¹9
1314 3922 1414 3987 fiducia

205 3987 323 4050 serarum
334 3995 478 4052 artenzptare
488 3987 560 4052 dapes
569 3995 593 4038 et
605 3989 721 4037 motsisa
754 4003 793 4036 cre
828 3989 883 4054 faci.
904 3988 979 4052 Verg.
995 3989 1059 4037 Aen.
1080 3999 1090 4036 1
1112 4003 1153 4050 131
1168 3993 1272 4038 tantane
1283 3989 1416 4037 uastarunt

208 4053 311 4101 crimen.
825 4053 1027 4118 generisfiducaa
1038 4053 1134 4103 uestri?
1162 4053 1211 4104 See
1224 4053 1292 4103 Prof.
1305 4053 1416 4116 Mayor’s

244 4131 299 4180 35ο.
341 4117 494 4182 Saguntum]
539 4117 570 4167 cf.
596 4117 652 4166 Liv.
682 4129 732 4166 xxl
764 4133 793 4180 14
829 4129 889 4168 note
900 4134 934 4168 on
943 4119 1001 4184 Juv.
1015 4131 1034 4167 x
1048 4117 1104 4182 306.

200 4183 253 4247 sui
262 4181 328 4231 enim
337 4184 410 4246 parci
416 4185 501 4248 potuit
509 4199 540 4232 ax
550 4181 643 4296 anaqal

648 4183 795 4232 autinclusi
863 4199 918 4249 359.
954 4184 1073 4249 quamuis
1088 4183 1258 4250 propleuma]
1289 4183 1417 4233 ‘however

210 4261 267 4294 cum
283 4247 427 4310 coniugibus
440 4263 469 4296 ac
485 4248 570 4297 liberis

616 4263 665 4296 naas
681 4263 711 4296 su
728 4265 756 4298 er
769 4264 793 4298 se
829 4258 899 4314 great
910 4265 953 4314 my
964 4249 1034 4298 haste
1046 4257 1072 4299 to
1084 4248 1177 4298 reacb’.

211 4311 273 4374 ipsas
287 4319 510 4372 concremauemnt,
523 4320 570 4361 aut
583 4313 680 4360 armati
693 4313 793 4362 nullum
863 4312 918 4378 361.
949 4313 1202 4379 olu1a1⁴unsought'.
1225 4313 1258 4364 cf.
1271 4315 1331 4364 Tac.
1342 4313 1416 4362 Ann.

210 4381 269 4422 ante
276 4375 358 4437 finem
376 4383 479 4439 pugnae
495 4393 570 4440 quam
591 4377 719 4427 morientes
730 4377 793 4442 sece-
830 4391 880 4430 xvt
894 4393 907 4426 a
919 4379 1239 4444 ohuzasapesdq‘erredeos.

213 4437 293 4486 runt?
864 4441 920 4506 362.
949 4443 1137 4505 rabaredemae]
1151 4442 1418 4506 ‘thicklytimbered'.
