3080 4954
609 366 691 426 STA
698 369 748 428 TI
750 368 804 428 US

351 539 379 586 et
398 531 445 601 qui
464 547 583 602 corpora
600 532 693 601 prima
710 534 898 604 transfigurat.

250 673 256 682 ,
351 618 419 688 quid
438 619 529 672 maius
548 619 670 690 loquor?
706 621 769 692 ipsa
786 631 815 676 te
835 623 943 678 Latinis

349 707 455 762 Aeneis
472 708 654 763 venerabitur
672 719 832 766 canentem.

351 809 404 848 nec
423 792 515 847 solum
533 793 608 848 dabo
627 797 762 850 carminis
780 797 911 867 nitorem,

351 880 401 934 sed
419 880 510 935 taedis
528 882 701 952 genitalibus
720 884 823 940 dicabo

351 969 467 1025 doctam
485 980 570 1042 atque
589 972 704 1043 ingenio
722 983 772 1029 tuo
790 975 933 1044 decoram,

351 1059 463 1129 qualem
481 1059 589 1116 blanda
606 1062 704 1116 Venus
723 1062 858 1132 daretque
880 1065 959 1130 luno,

351 1146 450 1217 forma,
470 1148 660 1219 simplicitate,
680 1153 822 1220 comitate,

351 1251 447 1304 censu,
464 1236 609 1305 sanguine,
629 1238 728 1307 gratia,
747 1239 857 1294 decore.

350 1333 378 1378 et
396 1333 505 1380 vestros
523 1325 702 1394 hymenaeon
721 1337 787 1382 ante
806 1335 901 1398 postes

349 1411 428 1468 lestis
447 1414 577 1468 cantibus
595 1413 658 1484 ipsa
675 1417 843 1486 personabo.
922 1457 924 1460 -

402 1499 436 1554 ‘o
455 1517 557 1558 saevae
575 1501 696 1557 nimium
714 1519 870 1574 gravesque
890 1505 1012 1558 Parcae!

351 1607 368 1644 o
386 1606 542 1660 numquam
560 1591 628 1646 data
645 1593 704 1646 sata
722 1593 808 1663 longa
826 1593 961 1647 summis!

350 1695 399 1733 cur
416 1679 488 1749 plus,
508 1680 604 1748 ardua,
624 1681 737 1736 casibus
754 1681 879 1752 patetis?

350 1781 400 1819 cur
418 1781 504 1820 saeva
521 1767 584 1822 vice
602 1783 708 1837 magna
726 1785 785 1822 non
804 1767 975 1824 senescunt?

352 1853 393 1909 sic
411 1863 510 1909 natum
530 1856 699 1912 Nasamonii
719 1857 860 1913 Tonantis

350 1951 415 2013 post
433 1951 512 1998 ortus
531 1943 683 2016 obitusque
701 1945 866 2002 fulminatos
909 1963 912 1970 ·

350 2041 471 2102 angusto
490 2032 621 2102 Babylon
638 2033 742 2103 premit
762 2035 899 2104 sepulcro.

349 2121 390 2176 sic
408 2121 496 2176 fixum
515 2121 625 2178 Paridis
644 2139 731 2178 manu
750 2121 882 2178 trementi

351 2209 469 2264 Peliden
487 2209 587 2264 Thetis
605 2209 713 2265 horruit
732 2210 889 2266 cadentem.

274 2341 281 2352 .
349 2296 390 2351 sic
408 2296 476 2368 ripis
495 2313 548 2366 ego
566 2298 768 2352 murmurantis
787 2297 878 2354 Hebri

348 2399 405 2438 non
423 2391 534 2438 mutum
552 2393 638 2454 caput
657 2384 787 2454 Orpheos
806 2384 951 2456 sequebar.

347 2471 388 2525 sic
407 2479 435 2525 et
451 2479 482 2525 tu
500 2501 535 2510 -
553 2471 645 2526 rabidi
663 2471 743 2527 nefas
762 2472 938 2540 tyrannit—

347 2559 440 2614 iussus
458 2559 641 2630 praecipitem
661 2561 755 2616 subire
774 2560 891 2628 Lethen,

348 2647 416 2703 dum
434 2663 544 2718 pugnas
563 2647 643 2702 canis
661 2649 805 2720 arduaque
822 2665 893 2703 voce

347 2734 400 2789 das
418 2733 519 2789 solatia
537 2735 692 2804 grandibus
711 2735 856 2806 sepulcris,

345 2837 364 2876 o
382 2821 474 2876 dirum
492 2821 601 2876 scelus!
628 2839 645 2877 ο
664 2822 773 2878 scelus!
799 2820 924 2876 tacebis!

400 2910 441 2965 sic
459 2909 519 2966 sata
536 2917 580 2966 est
598 2910 753 2981 leviterque
771 2909 928 2964 decidentis

347 2999 454 3054 abrasit
471 2999 604 3054 lacrimas
622 2999 731 3055 nitente
749 3000 864 3070 plectro.

399 3095 429 3142 at
447 3095 488 3156 tu,
506 3102 557 3142 seu
574 3085 705 3157 rapidum
723 3085 782 3156 poli
800 3102 851 3156 per
869 3100 951 3140 uem

345 3174 439 3230 famae
457 3173 585 3230 curribus
604 3173 700 3229 arduis
718 3175 835 3242 levatus,

345 3277 403 3335 qua
421 3271 539 3333 surgunt
557 3263 672 3320 animae
689 3265 872 3336 potentiores,

343 3358 433 3404 terras
451 3349 574 3420 despicis
593 3359 621 3405 et
640 3349 771 3422 sepulcra
788 3349 873 3420 rides,

345 3453 396 3493 seu
414 3436 494 3507 pacis
511 3437 613 3492 merito
631 3453 733 3493 nemus
750 3437 892 3493 reclusum

344 3524 410 3580 felix
427 3523 523 3593 elysiis
541 3533 622 3581 tenes
640 3525 671 3579 in
689 3524 756 3594 orls,

344 3629 401 3684 quo
420 3611 584 3668 Pharsalica
601 3613 685 3668 turba
703 3619 900 3683 congregatur,

344 3711 373 3757 et
388 3709 419 3756 te
437 3701 533 3758 nobile
551 3717 666 3757 carmen
685 3703 867 3756 insonantem

345 3791 473 3861 Pompeii
491 3790 663 3846 comitantur
680 3800 709 3848 et
727 3793 853 3848 Catones
866 3810 915 3847 :-

344 3887 375 3933 tu
392 3894 497 3948 magna
515 3893 595 3933 sacer
612 3888 642 3934 et
659 3879 797 3948 superbus
815 3879 918 3934 umbra

344 3967 437 4021 noscis
455 3975 581 4022 tartaron
600 3975 628 4022 et
647 3965 745 4036 procul
762 3976 917 4022 nocentum

345 4054 427 4109 audis
444 4055 563 4111 verbera
580 4054 775 4126 pallidumque
793 4055 855 4110 visa

344 4143 441 4199 matris
459 4143 593 4214 lampade
611 4143 729 4215 respicis
749 4145 903 4214 Neronem,
916 4175 952 4185 —

348 4230 422 4286 adsis
439 4231 549 4288 lucidus
567 4240 596 4288 et
614 4241 735 4290 vocante
755 4233 836 4286 Polla

348 4332 439 4387 unum,
457 4334 575 4389 quaeso,
593 4317 669 4374 diem
688 4318 758 4374 deos
776 4317 908 4374 silentum

350 4419 455 4464 exores:
480 4407 551 4464 solet
570 4406 625 4462 hoc
643 4415 740 4484 patere
759 4407 845 4466 limen
