<?xml version="1.0" encoding="UTF-8"?>
<!DOCTYPE html PUBLIC "-//W3C//DTD XHTML 1.0 Transitional//EN"
    "http://www.w3.org/TR/xhtml1/DTD/xhtml1-transitional.dtd">
<html xmlns="http://www.w3.org/1999/xhtml" xml:lang="en" lang="en">
 <head>
  <title>
</title>
<meta http-equiv="Content-Type" content="text/html;charset=utf-8" />
  <meta name='ocr-system' content='tesseract 3.04.00' />
  <meta name='ocr-capabilities' content='ocr_page ocr_carea ocr_par ocr_line ocrx_word'/>
</head>
<body>
  <div class='ocr_page' id='page_1' title='image "./mannaeilucaniph01haskgoog_0335.png"; bbox 0 0 2944 4948; ppageno 0'>
   <div class='ocr_carea' id='block_1_1' title="bbox 221 343 1091 412">
    <p class='ocr_par' dir='ltr' id='par_1_1' title="bbox 221 343 1091 412">
     <span class='ocr_line' id='line_1_1' title="bbox 221 343 1091 412; baseline 0.006 -7"><span class='ocrx_word' id='word_1_1' title='bbox 221 343 280 406; x_wconf 89' lang='lat'>188</span> <span class='ocrx_word' id='word_1_2' title='bbox 556 345 742 412; x_wconf 85' lang='lat' dir='ltr'><strong>LUCANI</strong></span> <span class='ocrx_word' id='word_1_3' title='bbox 774 344 1091 411; x_wconf 88' lang='lat' dir='ltr'>PHARSALIAE</span> 
     </span>
    </p>
   </div>
   <div class='ocr_carea' id='block_1_2' title="bbox 291 507 1345 2471">
    <p class='ocr_par' dir='ltr' id='par_1_2' title="bbox 305 507 1340 804">
     <span class='ocr_line' id='line_1_2' title="bbox 306 507 1340 597; baseline 0.007 -27"><span class='ocrx_word' id='word_1_4' title='bbox 306 507 396 572; x_wconf 85' lang='lat' dir='ltr'>fama</span> <span class='ocrx_word' id='word_1_5' title='bbox 418 509 533 593; x_wconf 91' lang='lat' dir='ltr'>procul</span> <span class='ocrx_word' id='word_1_6' title='bbox 555 519 668 587; x_wconf 88' lang='lat' dir='ltr'>terras,</span> <span class='ocrx_word' id='word_1_7' title='bbox 692 511 805 574; x_wconf 90' lang='lat' dir='ltr'>uiuam</span> <span class='ocrx_word' id='word_1_8' title='bbox 828 510 889 575; x_wconf 92' lang='lat' dir='ltr'>tibi</span> <span class='ocrx_word' id='word_1_9' title='bbox 913 531 1035 594; x_wconf 88' lang='lat' dir='ltr'>nempe</span> <span class='ocrx_word' id='word_1_10' title='bbox 1057 522 1232 597; x_wconf 85' lang='lat' dir='ltr'>superstes.</span> <span class='ocrx_word' id='word_1_11' title='bbox 1277 527 1340 596; x_wconf 81' lang='lat'>775</span> 
     </span>
     <span class='ocr_line' id='line_1_3' title="bbox 305 612 1204 700; baseline 0.007 -24"><span class='ocrx_word' id='word_1_12' title='bbox 305 612 393 676; x_wconf 87' lang='lat' dir='ltr'>adde</span> <span class='ocrx_word' id='word_1_13' title='bbox 416 615 505 697; x_wconf 93' lang='lat' dir='ltr'>quod</span> <span class='ocrx_word' id='word_1_14' title='bbox 529 615 698 679; x_wconf 80' lang='lat' dir='ltr'>adsuescis</span> <span class='ocrx_word' id='word_1_15' title='bbox 721 614 797 680; x_wconf 86' lang='lat' dir='ltr'>satis</span> <span class='ocrx_word' id='word_1_16' title='bbox 820 623 1020 700; x_wconf 91' lang='lat' dir='ltr'>tantumque</span> <span class='ocrx_word' id='word_1_17' title='bbox 1043 616 1204 696; x_wconf 90' lang='lat' dir='ltr'>dolorem,</span> 
     </span>
     <span class='ocr_line' id='line_1_4' title="bbox 306 715 1119 804; baseline 0.007 -24"><span class='ocrx_word' id='word_1_18' title='bbox 306 715 458 794; x_wconf 89' lang='lat' dir='ltr'>crudelis,</span> <span class='ocrx_word' id='word_1_19' title='bbox 481 738 536 782; x_wconf 93' lang='lat' dir='ltr'>me</span> <span class='ocrx_word' id='word_1_20' title='bbox 558 718 643 782; x_wconf 87' lang='lat' dir='ltr'>ferre</span> <span class='ocrx_word' id='word_1_21' title='bbox 665 718 776 784; x_wconf 88' lang='lat' dir='ltr'>doces.</span> <span class='ocrx_word' id='word_1_22' title='bbox 821 719 957 804; x_wconf 85' lang='lat' dir='ltr'>ignosce</span> <span class='ocrx_word' id='word_1_23' title='bbox 979 719 1119 786; x_wconf 81' lang='lat' dir='ltr'>fatenti:</span> 
     </span>
    </p>

    <p class='ocr_par' dir='ltr' id='par_1_3' title="bbox 306 823 1186 911">
     <span class='ocr_line' id='line_1_5' title="bbox 306 823 1186 911; baseline 0.007 -26"><span class='ocrx_word' id='word_1_24' title='bbox 306 841 404 905; x_wconf 90' lang='lat' dir='ltr'>posse</span> <span class='ocrx_word' id='word_1_25' title='bbox 427 823 496 906; x_wconf 92' lang='lat' dir='ltr'>pati</span> <span class='ocrx_word' id='word_1_26' title='bbox 519 823 631 888; x_wconf 88' lang='lat' dir='ltr'>timeo.</span> <span class='ocrx_word' id='word_1_27' title='bbox 677 825 768 908; x_wconf 91' lang='lat' dir='ltr'>quod</span> <span class='ocrx_word' id='word_1_28' title='bbox 792 825 819 889; x_wconf 89' lang='lat' dir='ltr'>si</span> <span class='ocrx_word' id='word_1_29' title='bbox 843 833 921 889; x_wconf 90' lang='lat' dir='ltr'>sunt</span> <span class='ocrx_word' id='word_1_30' title='bbox 944 835 1024 891; x_wconf 89' lang='lat' dir='ltr'>uota</span> <span class='ocrx_word' id='word_1_31' title='bbox 1047 825 1186 911; x_wconf 88' lang='lat' dir='ltr'>deisque</span> 
     </span>
    </p>

    <p class='ocr_par' dir='ltr' id='par_1_4' title="bbox 305 924 1345 1218">
     <span class='ocr_line' id='line_1_6' title="bbox 306 924 1150 1002; baseline 0.007 -15"><span class='ocrx_word' id='word_1_32' title='bbox 306 924 432 1002; x_wconf 90' lang='lat' dir='ltr'>audior,</span> <span class='ocrx_word' id='word_1_33' title='bbox 454 935 595 991; x_wconf 89' lang='lat' dir='ltr'>euentus</span> <span class='ocrx_word' id='word_1_34' title='bbox 617 947 726 992; x_wconf 90' lang='lat' dir='ltr'>rerum</span> <span class='ocrx_word' id='word_1_35' title='bbox 749 928 832 992; x_wconf 91' lang='lat' dir='ltr'>sciet</span> <span class='ocrx_word' id='word_1_36' title='bbox 854 927 973 992; x_wconf 88' lang='lat' dir='ltr'>ultima</span> <span class='ocrx_word' id='word_1_37' title='bbox 995 929 1150 994; x_wconf 91' lang='lat' dir='ltr'>coniunx.</span> 
     </span>
     <span class='ocr_line' id='line_1_7' title="bbox 305 1029 1345 1116; baseline 0.008 -24"><span class='ocrx_word' id='word_1_38' title='bbox 305 1029 481 1096; x_wconf 86' lang='lat' dir='ltr'>sollicitam</span> <span class='ocrx_word' id='word_1_39' title='bbox 505 1051 603 1114; x_wconf 89' lang='lat' dir='ltr'>rupes</span> <span class='ocrx_word' id='word_1_40' title='bbox 626 1032 693 1096; x_wconf 91' lang='lat' dir='ltr'>iam</span> <span class='ocrx_word' id='word_1_41' title='bbox 716 1041 752 1098; x_wconf 92' lang='lat' dir='ltr'>te</span> <span class='ocrx_word' id='word_1_42' title='bbox 773 1034 900 1098; x_wconf 92' lang='lat' dir='ltr'>uictore</span> <span class='ocrx_word' id='word_1_43' title='bbox 922 1032 1094 1110; x_wconf 91' lang='lat' dir='ltr'>tenebunt,</span> <span class='ocrx_word' id='word_1_44' title='bbox 1279 1037 1345 1116; x_wconf 88' lang='lat'>780</span> 
     </span>
     <span class='ocr_line' id='line_1_8' title="bbox 307 1135 1173 1218; baseline 0.006 -22"><span class='ocrx_word' id='word_1_45' title='bbox 307 1141 341 1196; x_wconf 92' lang='lat' dir='ltr'>et</span> <span class='ocrx_word' id='word_1_46' title='bbox 363 1136 503 1218; x_wconf 90' lang='lat' dir='ltr'>puppim</span> <span class='ocrx_word' id='word_1_47' title='bbox 526 1155 612 1218; x_wconf 88' lang='lat' dir='ltr'>quae</span> <span class='ocrx_word' id='word_1_48' title='bbox 635 1135 705 1200; x_wconf 85' lang='lat' dir='ltr'>iata</span> <span class='ocrx_word' id='word_1_49' title='bbox 727 1135 812 1201; x_wconf 86' lang='lat' dir='ltr'>serat</span> <span class='ocrx_word' id='word_1_50' title='bbox 834 1146 904 1201; x_wconf 89' lang='lat' dir='ltr'>tam</span> <span class='ocrx_word' id='word_1_51' title='bbox 928 1136 1017 1201; x_wconf 88' lang='lat' dir='ltr'>laeta</span> <span class='ocrx_word' id='word_1_52' title='bbox 1039 1137 1173 1202; x_wconf 90' lang='lat' dir='ltr'>timebo.</span> 
     </span>
    </p>

    <p class='ocr_par' dir='ltr' id='par_1_5' title="bbox 306 1239 1189 1326">
     <span class='ocr_line' id='line_1_9' title="bbox 306 1239 1189 1326; baseline 0.005 -24"><span class='ocrx_word' id='word_1_53' title='bbox 306 1259 367 1303; x_wconf 89' lang='lat' dir='ltr'>nec</span> <span class='ocrx_word' id='word_1_54' title='bbox 389 1239 521 1306; x_wconf 90' lang='lat' dir='ltr'>soluent</span> <span class='ocrx_word' id='word_1_55' title='bbox 543 1241 658 1306; x_wconf 87' lang='lat' dir='ltr'>audita</span> <span class='ocrx_word' id='word_1_56' title='bbox 681 1251 790 1307; x_wconf 89' lang='lat' dir='ltr'>metus</span> <span class='ocrx_word' id='word_1_57' title='bbox 813 1242 894 1306; x_wconf 91' lang='lat' dir='ltr'>mihi</span> <span class='ocrx_word' id='word_1_58' title='bbox 917 1262 1078 1326; x_wconf 89' lang='lat' dir='ltr'>prospera</span> <span class='ocrx_word' id='word_1_59' title='bbox 1100 1242 1189 1320; x_wconf 88' lang='lat' dir='ltr'>belli,</span> 
     </span>
    </p>

    <p class='ocr_par' dir='ltr' id='par_1_6' title="bbox 306 1345 1152 1429">
     <span class='ocr_line' id='line_1_10' title="bbox 306 1345 1152 1429; baseline 0 -19"><span class='ocrx_word' id='word_1_60' title='bbox 306 1364 381 1410; x_wconf 89' lang='lat' dir='ltr'>cum</span> <span class='ocrx_word' id='word_1_61' title='bbox 405 1346 519 1409; x_wconf 92' lang='lat' dir='ltr'>uacuis</span> <span class='ocrx_word' id='word_1_62' title='bbox 541 1346 690 1429; x_wconf 87' lang='lat' dir='ltr'>proiecta</span> <span class='ocrx_word' id='word_1_63' title='bbox 713 1345 794 1410; x_wconf 91' lang='lat' dir='ltr'>locis</span> <span class='ocrx_word' id='word_1_64' title='bbox 817 1366 837 1409; x_wconf 92' lang='lat' dir='ltr'>a</span> <span class='ocrx_word' id='word_1_65' title='bbox 861 1345 1004 1410; x_wconf 84' lang='lat' dir='ltr'>Caesare</span> <span class='ocrx_word' id='word_1_66' title='bbox 1027 1347 1152 1429; x_wconf 90' lang='lat' dir='ltr'>possim</span> 
     </span>
    </p>

    <p class='ocr_par' dir='ltr' id='par_1_7' title="bbox 305 1447 1077 1532">
     <span class='ocr_line' id='line_1_11' title="bbox 305 1447 1077 1532; baseline 0 -20"><span class='ocrx_word' id='word_1_67' title='bbox 305 1447 359 1512; x_wconf 90' lang='lat' dir='ltr'>uel</span> <span class='ocrx_word' id='word_1_68' title='bbox 382 1447 530 1532; x_wconf 83' lang='lat' dir='ltr'>fugiente</span> <span class='ocrx_word' id='word_1_69' title='bbox 553 1449 635 1532; x_wconf 90' lang='lat' dir='ltr'>capi.</span> <span class='ocrx_word' id='word_1_70' title='bbox 681 1457 856 1512; x_wconf 89' lang='lat' dir='ltr'>notescent</span> <span class='ocrx_word' id='word_1_71' title='bbox 878 1447 976 1513; x_wconf 91' lang='lat' dir='ltr'>litora</span> <span class='ocrx_word' id='word_1_72' title='bbox 998 1449 1077 1512; x_wconf 91' lang='lat' dir='ltr'>clari</span> 
     </span>
    </p>

    <p class='ocr_par' dir='ltr' id='par_1_8' title="bbox 291 1553 1338 1742">
     <span class='ocr_line' id='line_1_12' title="bbox 291 1553 1338 1638; baseline 0.004 -22"><span class='ocrx_word' id='word_1_73' title='bbox 291 1555 450 1618; x_wconf 65' lang='lat' dir='ltr'>,nominis</span> <span class='ocrx_word' id='word_1_74' title='bbox 472 1553 601 1632; x_wconf 86' lang='lat' dir='ltr'>exsilio,</span> <span class='ocrx_word' id='word_1_75' title='bbox 624 1554 800 1638; x_wconf 90' lang='lat' dir='ltr'>positaque</span> <span class='ocrx_word' id='word_1_76' title='bbox 823 1553 868 1618; x_wconf 94' lang='lat' dir='ltr'>ibi</span> <span class='ocrx_word' id='word_1_77' title='bbox 891 1555 1034 1637; x_wconf 91' lang='lat' dir='ltr'>coniuge</span> <span class='ocrx_word' id='word_1_78' title='bbox 1057 1554 1174 1638; x_wconf 84' lang='lat' dir='ltr'>Magni</span> <span class='ocrx_word' id='word_1_79' title='bbox 1280 1557 1338 1638; x_wconf 83' lang='lat'>785</span> 
     </span>
     <span class='ocr_line' id='line_1_13' title="bbox 306 1658 1114 1742; baseline 0.002 -20"><span class='ocrx_word' id='word_1_80' title='bbox 306 1660 381 1741; x_wconf 93' lang='lat' dir='ltr'>quis</span> <span class='ocrx_word' id='word_1_81' title='bbox 405 1659 627 1742; x_wconf 89' lang='lat' dir='ltr'>Mitylenaeas</span> <span class='ocrx_word' id='word_1_82' title='bbox 650 1660 773 1742; x_wconf 87' lang='lat' dir='ltr'>poterit</span> <span class='ocrx_word' id='word_1_83' title='bbox 797 1660 922 1724; x_wconf 87' lang='lat' dir='ltr'>nescire</span> <span class='ocrx_word' id='word_1_84' title='bbox 946 1658 1114 1724; x_wconf 82' lang='lat' dir='ltr'>latebras?</span> 
     </span>
    </p>

    <p class='ocr_par' dir='ltr' id='par_1_9' title="bbox 305 1761 1257 1952">
     <span class='ocr_line' id='line_1_14' title="bbox 305 1761 1257 1848; baseline 0.004 -22"><span class='ocrx_word' id='word_1_85' title='bbox 305 1761 369 1827; x_wconf 88' lang='lat' dir='ltr'>hoc</span> <span class='ocrx_word' id='word_1_86' title='bbox 392 1783 508 1846; x_wconf 87' lang='lat' dir='ltr'>precor</span> <span class='ocrx_word' id='word_1_87' title='bbox 529 1771 728 1842; x_wconf 89' lang='lat' dir='ltr'>extremum,</span> <span class='ocrx_word' id='word_1_88' title='bbox 750 1765 778 1827; x_wconf 91' lang='lat' dir='ltr'>si</span> <span class='ocrx_word' id='word_1_89' title='bbox 801 1763 847 1828; x_wconf 93' lang='lat' dir='ltr'>nil</span> <span class='ocrx_word' id='word_1_90' title='bbox 870 1764 932 1828; x_wconf 95' lang='lat' dir='ltr'>tibi</span> <span class='ocrx_word' id='word_1_91' title='bbox 955 1765 1044 1829; x_wconf 91' lang='lat' dir='ltr'>uicta</span> <span class='ocrx_word' id='word_1_92' title='bbox 1068 1764 1257 1848; x_wconf 89' lang='lat' dir='ltr'>relinquent</span> 
     </span>
     <span class='ocr_line' id='line_1_15' title="bbox 305 1867 1152 1952; baseline 0.001 -20"><span class='ocrx_word' id='word_1_93' title='bbox 305 1868 409 1932; x_wconf 91' lang='lat' dir='ltr'>tutius</span> <span class='ocrx_word' id='word_1_94' title='bbox 432 1887 525 1931; x_wconf 90' lang='lat' dir='ltr'>arma</span> <span class='ocrx_word' id='word_1_95' title='bbox 548 1867 636 1952; x_wconf 87' lang='lat' dir='ltr'>fuga,</span> <span class='ocrx_word' id='word_1_96' title='bbox 658 1888 735 1932; x_wconf 91' lang='lat' dir='ltr'>cum</span> <span class='ocrx_word' id='word_1_97' title='bbox 758 1877 793 1932; x_wconf 90' lang='lat' dir='ltr'>te</span> <span class='ocrx_word' id='word_1_98' title='bbox 815 1869 1021 1933; x_wconf 87' lang='lat' dir='ltr'>commiseris</span> <span class='ocrx_word' id='word_1_99' title='bbox 1044 1871 1152 1948; x_wconf 90' lang='lat' dir='ltr'>undis,</span> 
     </span>
    </p>

    <p class='ocr_par' dir='ltr' id='par_1_10' title="bbox 306 1970 1148 2056">
     <span class='ocr_line' id='line_1_16' title="bbox 306 1970 1148 2056; baseline 0.005 -21"><span class='ocrx_word' id='word_1_100' title='bbox 306 1970 456 2054; x_wconf 90' lang='lat' dir='ltr'>quolibet</span> <span class='ocrx_word' id='word_1_101' title='bbox 479 1972 659 2036; x_wconf 86' lang='lat' dir='ltr'>infaustam</span> <span class='ocrx_word' id='word_1_102' title='bbox 682 1973 795 2056; x_wconf 88' lang='lat' dir='ltr'>potius</span> <span class='ocrx_word' id='word_1_103' title='bbox 817 1973 959 2038; x_wconf 88' lang='lat' dir='ltr'>deflecte</span> <span class='ocrx_word' id='word_1_104' title='bbox 981 1975 1148 2039; x_wconf 90' lang='lat' dir='ltr'>carinam:</span> 
     </span>
    </p>

    <p class='ocr_par' dir='ltr' id='par_1_11' title="bbox 305 2073 1341 2264">
     <span class='ocr_line' id='line_1_17' title="bbox 305 2073 1341 2163; baseline 0.004 -25"><span class='ocrx_word' id='word_1_105' title='bbox 305 2073 456 2139; x_wconf 92' lang='lat' dir='ltr'>litoribus</span> <span class='ocrx_word' id='word_1_106' title='bbox 479 2095 637 2159; x_wconf 86' lang='lat' dir='ltr'>quaerere</span> <span class='ocrx_word' id='word_1_107' title='bbox 660 2077 751 2141; x_wconf 90' lang='lat' dir='ltr'>meis.</span> <span class='ocrx_word' id='word_1_108' title='bbox 796 2077 842 2140; x_wconf 91' lang='lat' dir='ltr'>sic</span> <span class='ocrx_word' id='word_1_109' title='bbox 865 2076 943 2156; x_wconf 87' lang='lat' dir='ltr'>fata,</span> <span class='ocrx_word' id='word_1_110' title='bbox 967 2077 1088 2142; x_wconf 91' lang='lat' dir='ltr'>relictis</span> <span class='ocrx_word' id='word_1_111' title='bbox 1280 2093 1341 2163; x_wconf 91' lang='lat'>790</span> 
     </span>
     <span class='ocr_line' id='line_1_18' title="bbox 306 2178 1097 2264; baseline 0.004 -22"><span class='ocrx_word' id='word_1_112' title='bbox 306 2178 442 2243; x_wconf 86' lang='lat' dir='ltr'>exsiluit</span> <span class='ocrx_word' id='word_1_113' title='bbox 465 2181 577 2244; x_wconf 89' lang='lat' dir='ltr'>stratis</span> <span class='ocrx_word' id='word_1_114' title='bbox 600 2199 725 2256; x_wconf 88' lang='lat' dir='ltr'>amens,</span> <span class='ocrx_word' id='word_1_115' title='bbox 748 2189 982 2264; x_wconf 91' lang='lat' dir='ltr'>tormentaque</span> <span class='ocrx_word' id='word_1_116' title='bbox 1006 2180 1097 2245; x_wconf 91' lang='lat' dir='ltr'>nulla</span> 
     </span>
    </p>

    <p class='ocr_par' dir='ltr' id='par_1_12' title="bbox 306 2281 1213 2471">
     <span class='ocr_line' id='line_1_19' title="bbox 306 2281 1213 2368; baseline 0.003 -22"><span class='ocrx_word' id='word_1_117' title='bbox 306 2282 378 2347; x_wconf 93' lang='lat' dir='ltr'>uolt</span> <span class='ocrx_word' id='word_1_118' title='bbox 400 2281 531 2348; x_wconf 81' lang='lat' dir='ltr'>differre</span> <span class='ocrx_word' id='word_1_119' title='bbox 555 2303 655 2349; x_wconf 85' lang='lat' dir='ltr'>mora</span> <span class='ocrx_word' id='word_1_120' title='bbox 701 2305 768 2348; x_wconf 90' lang='lat' dir='ltr'>non</span> <span class='ocrx_word' id='word_1_121' title='bbox 793 2285 911 2349; x_wconf 88' lang='lat' dir='ltr'>maesti</span> <span class='ocrx_word' id='word_1_122' title='bbox 935 2294 1071 2368; x_wconf 86' lang='lat' dir='ltr'>pectora</span> <span class='ocrx_word' id='word_1_123' title='bbox 1095 2285 1213 2368; x_wconf 86' lang='lat' dir='ltr'>Magni</span> 
     </span>
     <span class='ocr_line' id='line_1_20' title="bbox 306 2386 1097 2471; baseline 0.003 -21"><span class='ocrx_word' id='word_1_124' title='bbox 306 2387 448 2451; x_wconf 92' lang='lat' dir='ltr'>sustinet</span> <span class='ocrx_word' id='word_1_125' title='bbox 470 2386 631 2471; x_wconf 84' lang='lat' dir='ltr'>amplexu</span> <span class='ocrx_word' id='word_1_126' title='bbox 654 2387 743 2452; x_wconf 91' lang='lat' dir='ltr'>dulci</span> <span class='ocrx_word' id='word_1_127' title='bbox 766 2407 834 2452; x_wconf 88' lang='lat' dir='ltr'>non</span> <span class='ocrx_word' id='word_1_128' title='bbox 857 2387 944 2452; x_wconf 90' lang='lat' dir='ltr'>eolla</span> <span class='ocrx_word' id='word_1_129' title='bbox 967 2397 1097 2454; x_wconf 91' lang='lat' dir='ltr'>tenere:</span> 
     </span>
    </p>
   </div>
   <div class='ocr_carea' id='block_1_3' title="bbox 306 2489 1343 3199">
    <p class='ocr_par' dir='ltr' id='par_1_13' title="bbox 306 2489 1337 2782">
     <span class='ocr_line' id='line_1_21' title="bbox 306 2489 1170 2574; baseline 0 -20"><span class='ocrx_word' id='word_1_130' title='bbox 306 2498 543 2572; x_wconf 88' lang='lat' dir='ltr'>extremusque</span> <span class='ocrx_word' id='word_1_131' title='bbox 566 2490 652 2574; x_wconf 85' lang='lat' dir='ltr'>perit</span> <span class='ocrx_word' id='word_1_132' title='bbox 674 2499 744 2554; x_wconf 91' lang='lat' dir='ltr'>tam</span> <span class='ocrx_word' id='word_1_133' title='bbox 767 2489 858 2574; x_wconf 91' lang='lat' dir='ltr'>longi</span> <span class='ocrx_word' id='word_1_134' title='bbox 882 2489 1007 2554; x_wconf 87' lang='lat' dir='ltr'>fructus</span> <span class='ocrx_word' id='word_1_135' title='bbox 1030 2490 1170 2554; x_wconf 89' lang='lat' dir='ltr'>amoris:</span> 
     </span>
     <span class='ocr_line' id='line_1_22' title="bbox 307 2593 1337 2679; baseline -0.001 -21"><span class='ocrx_word' id='word_1_136' title='bbox 307 2595 595 2679; x_wconf 89' lang='lat' dir='ltr'>praecipitantque</span> <span class='ocrx_word' id='word_1_137' title='bbox 617 2615 695 2660; x_wconf 91' lang='lat' dir='ltr'>suos</span> <span class='ocrx_word' id='word_1_138' title='bbox 717 2593 843 2660; x_wconf 89' lang='lat' dir='ltr'>luctus:</span> <span class='ocrx_word' id='word_1_139' title='bbox 874 2605 1057 2679; x_wconf 89' lang='lat' dir='ltr'>neuterque</span> <span class='ocrx_word' id='word_1_140' title='bbox 1081 2595 1240 2660; x_wconf 87' lang='lat' dir='ltr'>recedens</span> <span class='ocrx_word' id='word_1_141' title='bbox 1280 2609 1337 2679; x_wconf 82' lang='lat'>795</span> 
     </span>
     <span class='ocr_line' id='line_1_23' title="bbox 307 2699 1172 2782; baseline 0 -20"><span class='ocrx_word' id='word_1_142' title='bbox 307 2699 464 2764; x_wconf 89' lang='lat' dir='ltr'>sustinuit</span> <span class='ocrx_word' id='word_1_143' title='bbox 486 2699 612 2764; x_wconf 88' lang='lat' dir='ltr'>dixisse</span> <span class='ocrx_word' id='word_1_144' title='bbox 635 2699 730 2764; x_wconf 89' lang='lat' dir='ltr'>uale:</span> <span class='ocrx_word' id='word_1_145' title='bbox 760 2699 931 2782; x_wconf 89' lang='lat' dir='ltr'>uitamque</span> <span class='ocrx_word' id='word_1_146' title='bbox 954 2718 1172 2782; x_wconf 90' lang='lat' dir='ltr'>peromnem</span> 
     </span>
    </p>

    <p class='ocr_par' dir='ltr' id='par_1_14' title="bbox 308 2801 1244 2990">
     <span class='ocr_line' id='line_1_24' title="bbox 309 2801 1244 2868; baseline 0.001 -3"><span class='ocrx_word' id='word_1_147' title='bbox 309 2801 401 2866; x_wconf 93' lang='lat' dir='ltr'>nulla</span> <span class='ocrx_word' id='word_1_148' title='bbox 424 2801 485 2866; x_wconf 91' lang='lat' dir='ltr'>suit</span> <span class='ocrx_word' id='word_1_149' title='bbox 507 2812 577 2867; x_wconf 90' lang='lat' dir='ltr'>tam</span> <span class='ocrx_word' id='word_1_150' title='bbox 602 2812 730 2866; x_wconf 90' lang='lat' dir='ltr'>maesta</span> <span class='ocrx_word' id='word_1_151' title='bbox 757 2803 837 2868; x_wconf 90' lang='lat' dir='ltr'>dies.</span> <span class='ocrx_word' id='word_1_152' title='bbox 883 2823 962 2866; x_wconf 91' lang='lat' dir='ltr'>nam</span> <span class='ocrx_word' id='word_1_153' title='bbox 986 2811 1096 2866; x_wconf 89' lang='lat' dir='ltr'>cetera</span> <span class='ocrx_word' id='word_1_154' title='bbox 1118 2804 1244 2866; x_wconf 92' lang='lat' dir='ltr'>damna</span> 
     </span>
     <span class='ocr_line' id='line_1_25' title="bbox 308 2904 1138 2990; baseline 0 -21"><span class='ocrx_word' id='word_1_155' title='bbox 308 2907 428 2970; x_wconf 90' lang='lat' dir='ltr'>durata</span> <span class='ocrx_word' id='word_1_156' title='bbox 450 2908 517 2970; x_wconf 92' lang='lat' dir='ltr'>iam</span> <span class='ocrx_word' id='word_1_157' title='bbox 541 2916 654 2970; x_wconf 92' lang='lat' dir='ltr'>mente</span> <span class='ocrx_word' id='word_1_158' title='bbox 677 2905 773 2970; x_wconf 90' lang='lat' dir='ltr'>malis</span> <span class='ocrx_word' id='word_1_159' title='bbox 797 2905 959 2990; x_wconf 90' lang='lat' dir='ltr'>firmaque</span> <span class='ocrx_word' id='word_1_160' title='bbox 982 2904 1138 2969; x_wconf 85' lang='lat' dir='ltr'>tulerunt</span> 
     </span>
    </p>

    <p class='ocr_par' dir='ltr' id='par_1_15' title="bbox 309 3008 1140 3093">
     <span class='ocr_line' id='line_1_26' title="bbox 309 3008 1140 3093; baseline 0 -21"><span class='ocrx_word' id='word_1_161' title='bbox 309 3008 432 3074; x_wconf 90' lang='lat' dir='ltr'>labitur</span> <span class='ocrx_word' id='word_1_162' title='bbox 454 3009 570 3074; x_wconf 86' lang='lat' dir='ltr'>infelix</span> <span class='ocrx_word' id='word_1_163' title='bbox 595 3011 814 3093; x_wconf 91' lang='lat' dir='ltr'>manibusque</span> <span class='ocrx_word' id='word_1_164' title='bbox 837 3018 982 3092; x_wconf 86' lang='lat' dir='ltr'>excepta</span> <span class='ocrx_word' id='word_1_165' title='bbox 1005 3029 1140 3072; x_wconf 89' lang='lat' dir='ltr'>suorum</span> 
     </span>
    </p>

    <p class='ocr_par' dir='ltr' id='par_1_16' title="bbox 309 3113 1343 3199">
     <span class='ocr_line' id='line_1_27' title="bbox 309 3113 1343 3199; baseline 0.003 -21"><span class='ocrx_word' id='word_1_166' title='bbox 309 3115 411 3180; x_wconf 82' lang='lat' dir='ltr'>fertur</span> <span class='ocrx_word' id='word_1_167' title='bbox 433 3117 476 3180; x_wconf 92' lang='lat' dir='ltr'>ad</span> <span class='ocrx_word' id='word_1_168' title='bbox 500 3136 691 3199; x_wconf 76' lang='lat' dir='ltr'>aequoreae,</span> <span class='ocrx_word' id='word_1_169' title='bbox 714 3137 753 3178; x_wconf 90' lang='lat' dir='ltr'>ac</span> <span class='ocrx_word' id='word_1_170' title='bbox 776 3135 812 3178; x_wconf 91' lang='lat' dir='ltr'>se</span> <span class='ocrx_word' id='word_1_171' title='bbox 835 3115 1023 3197; x_wconf 85' lang='lat' dir='ltr'>prosternit,</span> <span class='ocrx_word' id='word_1_172' title='bbox 1046 3113 1196 3192; x_wconf 66' lang='lat' dir='ltr'>harenas</span> <span class='ocrx_word' id='word_1_173' title='bbox 1283 3119 1343 3181; x_wconf 90' lang='lat'>800</span> 
     </span>
    </p>
   </div>
   <div class='ocr_carea' id='block_1_4' title="bbox 223 3328 1415 4505">
    <p class='ocr_par' dir='ltr' id='par_1_17' title="bbox 223 3328 1415 4505">
     <span class='ocr_line' id='line_1_28' title="bbox 225 3328 1412 3446; baseline -0.001 0"><span class='ocrx_word' id='word_1_174' title='bbox 225 3343 322 3446; x_wconf 61' lang='lat' dir='ltr'>ula</span> <span class='ocrx_word' id='word_1_175' title='bbox 346 3328 720 3446; x_wconf 52' lang='lat' dir='ltr'>mffiygngepng</span> <span class='ocrx_word' id='word_1_176' title='bbox 735 3330 776 3380; x_wconf 57' lang='lat'>¹³²·</span> <span class='ocrx_word' id='word_1_177' title='bbox 789 3329 811 3379; x_wconf 74' lang='lat' dir='ltr'>n</span> <span class='ocrx_word' id='word_1_178' title='bbox 845 3330 1211 3446; x_wconf 55' lang='lat' dir='ltr'>silitum?</span> <span class='ocrx_word' id='word_1_179' title='bbox 1227 3331 1412 3397; x_wconf 52' lang='lat' dir='ltr'>”mm</span> 
     </span>
     <span class='ocr_line' id='line_1_29' title="bbox 258 3412 1412 3526; baseline 0 -17"><span class='ocrx_word' id='word_1_180' title='bbox 258 3459 311 3525; x_wconf 84' lang='grc'><strong>776.</strong></span> <span class='ocrx_word' id='word_1_181' title='bbox 333 3413 466 3510; x_wconf 63' lang='lat' dir='ltr'>yadsuescrlr</span> <span class='ocrx_word' id='word_1_182' title='bbox 479 3462 557 3526; x_wconf 74' lang='lat' dir='ltr'>satis]</span> <span class='ocrx_word' id='word_1_183' title='bbox 577 3463 638 3526; x_wconf 80' lang='lat' dir='ltr'>‘you</span> <span class='ocrx_word' id='word_1_184' title='bbox 652 3430 702 3511; x_wconf 77' lang='lat' dir='ltr'>⁸are</span> <span class='ocrx_word' id='word_1_185' title='bbox 724 3476 807 3510; x_wconf 85' lang='lat' dir='ltr'>accus·</span> <span class='ocrx_word' id='word_1_186' title='bbox 881 3462 936 3522; x_wconf 84' lang='lat'>787.</span> <span class='ocrx_word' id='word_1_187' title='bbox 970 3412 1021 3509; x_wconf 56' lang='lat' dir='ltr'>hod</span> <span class='ocrx_word' id='word_1_188' title='bbox 1024 3461 1122 3525; x_wconf 79' lang='lat' dir='ltr'>precor]</span> <span class='ocrx_word' id='word_1_189' title='bbox 1139 3431 1238 3511; x_wconf 52' lang='grc' dir='ltr'>ΤὴίᾸίε</span> <span class='ocrx_word' id='word_1_190' title='bbox 1252 3478 1284 3511; x_wconf 87' lang='lat' dir='ltr'>an</span> <span class='ocrx_word' id='word_1_191' title='bbox 1297 3469 1412 3512; x_wconf 82' lang='lat' dir='ltr'>answerto</span> 
     </span>
     <span class='ocr_line' id='line_1_30' title="bbox 223 3526 1266 3591; baseline -0.002 -15"><span class='ocrx_word' id='word_1_192' title='bbox 223 3527 303 3576; x_wconf 91' lang='lat' dir='ltr'>tomin</span> <span class='ocrx_word' id='word_1_193' title='bbox 339 3543 380 3576; x_wconf 88' lang='lat' dir='ltr'>me</span> <span class='ocrx_word' id='word_1_194' title='bbox 399 3535 425 3576; x_wconf 88' lang='lat' dir='ltr'>to</span> <span class='ocrx_word' id='word_1_195' title='bbox 439 3542 482 3590; x_wconf 87' lang='lat' dir='ltr'>my</span> <span class='ocrx_word' id='word_1_196' title='bbox 493 3527 592 3576; x_wconf 85' lang='lat' dir='ltr'>doom’:</span> <span class='ocrx_word' id='word_1_197' title='bbox 610 3526 649 3575; x_wconf 91' lang='lat' dir='ltr'>sor</span> <span class='ocrx_word' id='word_1_198' title='bbox 666 3527 708 3576; x_wconf 89' lang='lat' dir='ltr'>the</span> <span class='ocrx_word' id='word_1_199' title='bbox 727 3529 808 3576; x_wconf 82' lang='lat' dir='ltr'>active</span> <span class='ocrx_word' id='word_1_200' title='bbox 847 3529 894 3590; x_wconf 82' lang='grc'><strong>758</strong></span> <span class='ocrx_word' id='word_1_201' title='bbox 904 3527 938 3575; x_wconf 80' lang='lat' dir='ltr'>sit</span> <span class='ocrx_word' id='word_1_202' title='bbox 949 3526 1170 3591; x_wconf 65' lang='lat' dir='ltr'>mihr&#39;qreoficgzlrse</span> <span class='ocrx_word' id='word_1_203' title='bbox 1181 3529 1266 3577; x_wconf 82' lang='lat' dir='ltr'>uelim.</span> 
     </span>
     <span class='ocr_line' id='line_1_31' title="bbox 224 3543 1411 3658; baseline -0.001 -16"><span class='ocrx_word' id='word_1_204' title='bbox 224 3609 268 3642; x_wconf 88' lang='lat' dir='ltr'>use</span> <span class='ocrx_word' id='word_1_205' title='bbox 284 3543 321 3642; x_wconf 53' lang='grc' dir='ltr'>οῗ</span> <span class='ocrx_word' id='word_1_206' title='bbox 330 3593 466 3642; x_wconf 77' lang='lat' dir='ltr'>adsraescere</span> <span class='ocrx_word' id='word_1_207' title='bbox 482 3591 513 3642; x_wconf 87' lang='lat' dir='ltr'>cs.</span> <span class='ocrx_word' id='word_1_208' title='bbox 532 3593 596 3642; x_wconf 90' lang='lat' dir='ltr'>Hor.</span> <span class='ocrx_word' id='word_1_209' title='bbox 617 3593 670 3642; x_wconf 84' lang='lat' dir='ltr'>Sat.</span> <span class='ocrx_word' id='word_1_210' title='bbox 690 3604 698 3640; x_wconf 89' lang='lat'>1</span> <span class='ocrx_word' id='word_1_211' title='bbox 717 3592 742 3640; x_wconf 93' lang='lat' dir='ltr'>iv</span> <span class='ocrx_word' id='word_1_212' title='bbox 762 3605 806 3656; x_wconf 84' lang='lat'>105</span> <span class='ocrx_word' id='word_1_213' title='bbox 881 3593 936 3655; x_wconf 88' lang='grc'><strong>789.</strong></span> <span class='ocrx_word' id='word_1_214' title='bbox 955 3590 1070 3656; x_wconf 82' lang='lat' dir='ltr'>quolibet]</span> <span class='ocrx_word' id='word_1_215' title='bbox 1083 3597 1154 3641; x_wconf 85' lang='lat' dir='ltr'>‘turn</span> <span class='ocrx_word' id='word_1_216' title='bbox 1166 3609 1229 3656; x_wconf 84' lang='lat' dir='ltr'>your</span> <span class='ocrx_word' id='word_1_217' title='bbox 1240 3593 1356 3658; x_wconf 84' lang='lat' dir='ltr'>unhappy</span> <span class='ocrx_word' id='word_1_218' title='bbox 1365 3592 1411 3642; x_wconf 82' lang='lat' dir='ltr'>basl</span> 
     </span>
     <span class='ocr_line' id='line_1_32' title="bbox 227 3656 1412 3723; baseline -0.003 -16"><span class='ocrx_word' id='word_1_219' title='bbox 227 3657 337 3707; x_wconf 77' lang='lat' dir='ltr'>insumit</span> <span class='ocrx_word' id='word_1_220' title='bbox 342 3664 417 3722; x_wconf 77' lang='lat' dir='ltr'>pater</span> <span class='ocrx_word' id='word_1_221' title='bbox 430 3658 538 3722; x_wconf 82' lang='lat' dir='ltr'>optimus</span> <span class='ocrx_word' id='word_1_222' title='bbox 552 3658 596 3706; x_wconf 79' lang='lat' dir='ltr'>hoc</span> <span class='ocrx_word' id='word_1_223' title='bbox 608 3673 653 3714; x_wconf 78' lang='lat' dir='ltr'>nra,</span> <span class='ocrx_word' id='word_1_224' title='bbox 666 3657 705 3706; x_wconf 86' lang='lat' dir='ltr'>ld.</span> <span class='ocrx_word' id='word_1_225' title='bbox 719 3657 772 3708; x_wconf 82' lang='lat' dir='ltr'>Sat.</span> <span class='ocrx_word' id='word_1_226' title='bbox 786 3669 806 3706; x_wconf 87' lang='lat'>11</span> <span class='ocrx_word' id='word_1_227' title='bbox 847 3663 873 3706; x_wconf 90' lang='lat' dir='ltr'>to</span> <span class='ocrx_word' id='word_1_228' title='bbox 884 3672 934 3720; x_wconf 81' lang='lat' dir='ltr'>any</span> <span class='ocrx_word' id='word_1_229' title='bbox 945 3656 1018 3706; x_wconf 86' lang='lat' dir='ltr'>other</span> <span class='ocrx_word' id='word_1_230' title='bbox 1029 3657 1089 3706; x_wconf 79' lang='lat' dir='ltr'>land</span> <span class='ocrx_word' id='word_1_231' title='bbox 1100 3657 1126 3706; x_wconf 95' lang='lat' dir='ltr'>in</span> <span class='ocrx_word' id='word_1_232' title='bbox 1143 3657 1299 3722; x_wconf 80' lang='lat' dir='ltr'>preference;</span> <span class='ocrx_word' id='word_1_233' title='bbox 1316 3675 1360 3723; x_wconf 88' lang='lat' dir='ltr'>you</span> <span class='ocrx_word' id='word_1_234' title='bbox 1375 3657 1412 3704; x_wconf 78' lang='lat' dir='ltr'>will</span> 
     </span>
     <span class='ocr_line' id='line_1_33' title="bbox 224 3721 1412 3790; baseline -0.001 -18"><span class='ocrx_word' id='word_1_235' title='bbox 224 3723 242 3772; x_wconf 94' lang='lat' dir='ltr'>ii</span> <span class='ocrx_word' id='word_1_236' title='bbox 256 3739 310 3790; x_wconf 82' lang='lat'>109,</span> <span class='ocrx_word' id='word_1_237' title='bbox 327 3739 373 3773; x_wconf 87' lang='lat' dir='ltr'>rro</span> <span class='ocrx_word' id='word_1_238' title='bbox 384 3723 423 3772; x_wconf 79' lang='lat' dir='ltr'>hic</span> <span class='ocrx_word' id='word_1_239' title='bbox 434 3724 481 3788; x_wconf 80' lang='lat' dir='ltr'>qui</span> <span class='ocrx_word' id='word_1_240' title='bbox 488 3722 609 3787; x_wconf 76' lang='lat' dir='ltr'>pluribus</span> <span class='ocrx_word' id='word_1_241' title='bbox 621 3723 732 3772; x_wconf 77' lang='lat' dir='ltr'>adsuerit</span> <span class='ocrx_word' id='word_1_242' title='bbox 742 3738 807 3771; x_wconf 77' lang='lat' dir='ltr'>nrm·</span> <span class='ocrx_word' id='word_1_243' title='bbox 847 3723 879 3772; x_wconf 91' lang='lat' dir='ltr'>be</span> <span class='ocrx_word' id='word_1_244' title='bbox 896 3721 989 3772; x_wconf 88' lang='lat' dir='ltr'>looked</span> <span class='ocrx_word' id='word_1_245' title='bbox 1006 3721 1045 3771; x_wconf 86' lang='lat' dir='ltr'>ior</span> <span class='ocrx_word' id='word_1_246' title='bbox 1061 3738 1094 3772; x_wconf 93' lang='lat' dir='ltr'>on</span> <span class='ocrx_word' id='word_1_247' title='bbox 1111 3723 1153 3773; x_wconf 86' lang='lat' dir='ltr'>rhe</span> <span class='ocrx_word' id='word_1_248' title='bbox 1170 3724 1257 3772; x_wconf 77' lang='lat' dir='ltr'>shores</span> <span class='ocrx_word' id='word_1_249' title='bbox 1273 3724 1412 3774; x_wconf 81' lang='lat' dir='ltr'>wherelan</span> 
     </span>
     <span class='ocr_line' id='line_1_34' title="bbox 224 3785 987 3853; baseline -0.004 -16"><span class='ocrx_word' id='word_1_250' title='bbox 224 3795 272 3838; x_wconf 79' lang='lat' dir='ltr'>tem</span> <span class='ocrx_word' id='word_1_251' title='bbox 284 3797 417 3853; x_wconf 69' lang='lat' dir='ltr'>corpusque</span> <span class='ocrx_word' id='word_1_252' title='bbox 427 3789 566 3853; x_wconf 79' lang='lat' dir='ltr'>superbum.</span> <span class='ocrx_word' id='word_1_253' title='bbox 847 3785 987 3851; x_wconf 77' lang='lat' dir='ltr'>dwelling’.</span> 
     </span>
     <span class='ocr_line' id='line_1_35' title="bbox 258 3851 1413 3919; baseline -0.005 -15"><span class='ocrx_word' id='word_1_254' title='bbox 258 3856 313 3916; x_wconf 87' lang='grc'><strong>778.</strong></span> <span class='ocrx_word' id='word_1_255' title='bbox 342 3853 412 3918; x_wconf 77' lang='lat' dir='ltr'>patr]</span> <span class='ocrx_word' id='word_1_256' title='bbox 426 3856 463 3903; x_wconf 87' lang='lat' dir='ltr'>‘to</span> <span class='ocrx_word' id='word_1_257' title='bbox 475 3853 568 3903; x_wconf 87' lang='lat' dir='ltr'>endure</span> <span class='ocrx_word' id='word_1_258' title='bbox 579 3869 641 3917; x_wconf 83' lang='lat' dir='ltr'>your</span> <span class='ocrx_word' id='word_1_259' title='bbox 652 3853 780 3902; x_wconf 87' lang='lat' dir='ltr'>absence&#39;.</span> <span class='ocrx_word' id='word_1_260' title='bbox 881 3865 937 3918; x_wconf 84' lang='lat'>791.</span> <span class='ocrx_word' id='word_1_261' title='bbox 962 3851 1094 3914; x_wconf 68' lang='lat' dir='ltr'>tomacla]</span> <span class='ocrx_word' id='word_1_262' title='bbox 1106 3853 1147 3902; x_wconf 90' lang='lat' dir='ltr'>i.e.</span> <span class='ocrx_word' id='word_1_263' title='bbox 1160 3853 1203 3903; x_wconf 89' lang='lat' dir='ltr'>the</span> <span class='ocrx_word' id='word_1_264' title='bbox 1215 3854 1276 3918; x_wconf 87' lang='lat' dir='ltr'>pain</span> <span class='ocrx_word' id='word_1_265' title='bbox 1287 3854 1317 3904; x_wconf 86' lang='lat' dir='ltr'>oi</span> <span class='ocrx_word' id='word_1_266' title='bbox 1324 3853 1413 3919; x_wconf 80' lang='lat' dir='ltr'>parting.</span> 
     </span>
     <span class='ocr_line' id='line_1_36' title="bbox 257 3917 1336 3984; baseline 0 -16"><span class='ocrx_word' id='word_1_267' title='bbox 257 3919 356 3984; x_wconf 78' lang='lat' dir='ltr'>quodsi</span> <span class='ocrx_word' id='word_1_268' title='bbox 365 3926 425 3968; x_wconf 75' lang='lat' dir='ltr'>runt</span> <span class='ocrx_word' id='word_1_269' title='bbox 436 3918 504 3980; x_wconf 80' lang='lat' dir='ltr'>uota]</span> <span class='ocrx_word' id='word_1_270' title='bbox 517 3919 572 3968; x_wconf 82' lang='lat' dir='ltr'>&#39;but</span> <span class='ocrx_word' id='word_1_271' title='bbox 584 3918 606 3968; x_wconf 81' lang='lat' dir='ltr'>is</span> <span class='ocrx_word' id='word_1_272' title='bbox 618 3934 772 3983; x_wconf 83' lang='lat' dir='ltr'>prayersare</span> <span class='ocrx_word' id='word_1_273' title='bbox 783 3917 813 3968; x_wconf 85' lang='lat' dir='ltr'>os</span> <span class='ocrx_word' id='word_1_274' title='bbox 883 3931 938 3984; x_wconf 83' lang='lat'>794.</span> <span class='ocrx_word' id='word_1_275' title='bbox 967 3918 1046 3981; x_wconf 68' lang='lat' dir='ltr'>pmi]</span> <span class='ocrx_word' id='word_1_276' title='bbox 1071 3918 1103 3967; x_wconf 91' lang='lat' dir='ltr'>‘is</span> <span class='ocrx_word' id='word_1_277' title='bbox 1114 3919 1213 3968; x_wconf 83' lang='lat' dir='ltr'>thrown</span> <span class='ocrx_word' id='word_1_278' title='bbox 1225 3921 1336 3984; x_wconf 75' lang='lat' dir='ltr'>away¹.,</span> 
     </span>
     <span class='ocr_line' id='line_1_37' title="bbox 224 3984 1415 4048; baseline 0.002 -15"><span class='ocrx_word' id='word_1_279' title='bbox 224 3999 273 4048; x_wconf 85' lang='lat' dir='ltr'>any</span> <span class='ocrx_word' id='word_1_280' title='bbox 284 3984 370 4033; x_wconf 82' lang='lat' dir='ltr'>avail&#39;.</span> <span class='ocrx_word' id='word_1_281' title='bbox 882 3995 937 4048; x_wconf 78' lang='lat'>795.</span> <span class='ocrx_word' id='word_1_282' title='bbox 971 3989 1059 4032; x_wconf 77' lang='lat' dir='ltr'>neuter</span> <span class='ocrx_word' id='word_1_283' title='bbox 1107 3985 1204 4046; x_wconf 79' lang='lat' dir='ltr'>...uaIeJ</span> <span class='ocrx_word' id='word_1_284' title='bbox 1232 3986 1315 4035; x_wconf 75' lang='lat' dir='ltr'>‘l&#39;hese</span> <span class='ocrx_word' id='word_1_285' title='bbox 1340 3984 1415 4035; x_wconf 67' lang='lat' dir='ltr'>words</span> 
     </span>
     <span class='ocr_line' id='line_1_38' title="bbox 259 4047 1415 4138; baseline 0 -41"><span class='ocrx_word' id='word_1_286' title='bbox 259 4061 314 4113; x_wconf 85' lang='grc'><strong>779.</strong></span> <span class='ocrx_word' id='word_1_287' title='bbox 347 4049 402 4098; x_wconf 78' lang='lat' dir='ltr'>sciet</span> <span class='ocrx_word' id='word_1_288' title='bbox 412 4047 514 4138; x_wconf 51' lang='lat' dir='ltr'>ulum}</span> <span class='ocrx_word' id='word_1_289' title='bbox 528 4049 593 4098; x_wconf 83' lang='lat' dir='ltr'>‘will</span> <span class='ocrx_word' id='word_1_290' title='bbox 610 4049 642 4100; x_wconf 86' lang='lat' dir='ltr'>be</span> <span class='ocrx_word' id='word_1_291' title='bbox 658 4047 701 4099; x_wconf 87' lang='lat' dir='ltr'>the</span> <span class='ocrx_word' id='word_1_292' title='bbox 718 4049 765 4099; x_wconf 83' lang='lat' dir='ltr'>last</span> <span class='ocrx_word' id='word_1_293' title='bbox 782 4054 810 4098; x_wconf 85' lang='lat' dir='ltr'>to</span> <span class='ocrx_word' id='word_1_294' title='bbox 848 4047 970 4111; x_wconf 80' lang='lat' dir='ltr'>although</span> <span class='ocrx_word' id='word_1_295' title='bbox 989 4048 1048 4098; x_wconf 86' lang='lat' dir='ltr'>soun</span> <span class='ocrx_word' id='word_1_296' title='bbox 1084 4049 1109 4098; x_wconf 91' lang='lat' dir='ltr'>in</span> <span class='ocrx_word' id='word_1_297' title='bbox 1128 4050 1219 4126; x_wconf 71' lang='lat' dir='ltr'>almost</span> <span class='ocrx_word' id='word_1_298' title='bbox 1238 4051 1272 4100; x_wconf 83' lang='lat' dir='ltr'>all</span> <span class='ocrx_word' id='word_1_299' title='bbox 1291 4051 1415 4126; x_wconf 47' lang='lat' dir='ltr'>lissam</span> 
     </span>
     <span class='ocr_line' id='line_1_39' title="bbox 225 4113 1415 4256; baseline -0.002 -26"><span class='ocrx_word' id='word_1_300' title='bbox 225 4113 566 4244; x_wconf 55' lang='lat' dir='ltr'>l‘tllsllluiffm</span> <span class='ocrx_word' id='word_1_301' title='bbox 588 4179 698 4238; x_wconf 64' lang='lat' dir='ltr'>ahora.</span> <span class='ocrx_word' id='word_1_302' title='bbox 721 4180 809 4230; x_wconf 63' lang='lat' dir='ltr'>cm</span> <span class='ocrx_word' id='word_1_303' title='bbox 848 4113 1415 4256; x_wconf 60' lang='lat' dir='ltr'>lltll‘lnzssllltlllllil‘llfl&#39;i</span> 
     </span>
     <span class='ocr_line' id='line_1_40' title="bbox 225 4243 1415 4310; baseline -0.001 -18"><span class='ocrx_word' id='word_1_304' title='bbox 225 4243 330 4293; x_wconf 88' lang='lat' dir='ltr'>doned&#39;.</span> <span class='ocrx_word' id='word_1_305' title='bbox 848 4244 935 4305; x_wconf 80' lang='lat' dir='ltr'>tinere,</span> <span class='ocrx_word' id='word_1_306' title='bbox 959 4245 1004 4294; x_wconf 84' lang='lat' dir='ltr'>but</span> <span class='ocrx_word' id='word_1_307' title='bbox 1027 4245 1088 4294; x_wconf 91' lang='lat' dir='ltr'>such</span> <span class='ocrx_word' id='word_1_308' title='bbox 1111 4245 1259 4310; x_wconf 77' lang='lat' dir='ltr'>repetitions</span> <span class='ocrx_word' id='word_1_309' title='bbox 1280 4263 1321 4296; x_wconf 79' lang='lat' dir='ltr'>are</span> <span class='ocrx_word' id='word_1_310' title='bbox 1341 4247 1372 4309; x_wconf 91' lang='lat' dir='ltr'>by</span> <span class='ocrx_word' id='word_1_311' title='bbox 1390 4259 1415 4292; x_wconf 88' lang='lat' dir='ltr'>no</span> 
     </span>
     <span class='ocr_line' id='line_1_41' title="bbox 259 4309 1143 4376; baseline 0 -19"><span class='ocrx_word' id='word_1_312' title='bbox 259 4310 315 4370; x_wconf 86' lang='grc'><strong>784.</strong></span> <span class='ocrx_word' id='word_1_313' title='bbox 348 4309 464 4373; x_wconf 79' lang='lat' dir='ltr'>capr]i.e.</span> <span class='ocrx_word' id='word_1_314' title='bbox 477 4309 654 4376; x_wconf 80' lang='lat' dir='ltr'>asahostage.</span> <span class='ocrx_word' id='word_1_315' title='bbox 848 4325 935 4359; x_wconf 83' lang='lat' dir='ltr'>means</span> <span class='ocrx_word' id='word_1_316' title='bbox 946 4325 1000 4360; x_wconf 86' lang='lat' dir='ltr'>rare</span> <span class='ocrx_word' id='word_1_317' title='bbox 1011 4309 1037 4360; x_wconf 91' lang='lat' dir='ltr'>in</span> <span class='ocrx_word' id='word_1_318' title='bbox 1049 4309 1143 4360; x_wconf 83' lang='lat' dir='ltr'>Lucan.</span> 
     </span>
     <span class='ocr_line' id='line_1_42' title="bbox 261 4374 1415 4441; baseline 0 -21"><span class='ocrx_word' id='word_1_319' title='bbox 261 4375 316 4434; x_wconf 86' lang='lat'><strong>785.</strong></span> <span class='ocrx_word' id='word_1_320' title='bbox 350 4374 469 4435; x_wconf 80' lang='lat' dir='ltr'>nominr&#39;s]</span> <span class='ocrx_word' id='word_1_321' title='bbox 489 4375 532 4424; x_wconf 84' lang='lat' dir='ltr'>the</span> <span class='ocrx_word' id='word_1_322' title='bbox 550 4391 624 4425; x_wconf 83' lang='lat' dir='ltr'>name</span> <span class='ocrx_word' id='word_1_323' title='bbox 644 4383 689 4440; x_wconf 90' lang='lat' dir='ltr'>put</span> <span class='ocrx_word' id='word_1_324' title='bbox 709 4375 748 4425; x_wconf 82' lang='lat' dir='ltr'>ior</span> <span class='ocrx_word' id='word_1_325' title='bbox 767 4375 810 4424; x_wconf 90' lang='lat' dir='ltr'>the</span> <span class='ocrx_word' id='word_1_326' title='bbox 882 4376 937 4441; x_wconf 88' lang='grc'><strong>798.</strong></span> <span class='ocrx_word' id='word_1_327' title='bbox 989 4375 1200 4437; x_wconf 71' lang='lat' dir='ltr'>durata...mala&#39;r]</span> <span class='ocrx_word' id='word_1_328' title='bbox 1229 4375 1366 4425; x_wconf 80' lang='lat' dir='ltr'>‘hardened</span> <span class='ocrx_word' id='word_1_329' title='bbox 1389 4374 1415 4436; x_wconf 87' lang='lat' dir='ltr'>by</span> 
     </span>
     <span class='ocr_line' id='line_1_43' title="bbox 227 4437 960 4505; baseline 0.003 -21"><span class='ocrx_word' id='word_1_330' title='bbox 227 4451 325 4502; x_wconf 90' lang='lat' dir='ltr'>person,</span> <span class='ocrx_word' id='word_1_331' title='bbox 342 4437 373 4486; x_wconf 83' lang='lat' dir='ltr'>cl.</span> <span class='ocrx_word' id='word_1_332' title='bbox 390 4437 466 4502; x_wconf 88' lang='lat' dir='ltr'>Verg.</span> <span class='ocrx_word' id='word_1_333' title='bbox 483 4439 515 4489; x_wconf 90' lang='lat' dir='ltr'>G.</span> <span class='ocrx_word' id='word_1_334' title='bbox 533 4451 565 4488; x_wconf 87' lang='lat'>111</span> <span class='ocrx_word' id='word_1_335' title='bbox 582 4453 620 4504; x_wconf 81' lang='lat'>35,</span> <span class='ocrx_word' id='word_1_336' title='bbox 638 4439 669 4505; x_wconf 78' lang='lat'>36</span> <span class='ocrx_word' id='word_1_337' title='bbox 680 4441 809 4490; x_wconf 74' lang='lat' dir='ltr'>demissae·</span> <span class='ocrx_word' id='word_1_338' title='bbox 849 4439 960 4504; x_wconf 89' lang='lat' dir='ltr'>misery’.</span> 
     </span>
    </p>
   </div>
   <div class='ocr_carea' id='block_1_5' title="bbox 0 0 1483 4948">
    <p class='ocr_par' dir='ltr' id='par_1_18' title="bbox 0 0 1483 4948">
     <span class='ocr_line' id='line_1_44' title="bbox 0 0 1483 4948; baseline 0 0"><span class='ocrx_word' id='word_1_339' title='bbox 0 0 1483 4948; x_wconf 95' lang='lat' dir='ltr'> </span> 
     </span>
    </p>
   </div>
  </div>
 </body>
</html>
