3080 4954
221 366 440 438 MARTIAL,
466 364 666 437 TACITUS,
689 363 961 436 PETRONJUS,
985 361 1167 423 FRONTO
1247 356 1297 418 xix

139 557 195 599 xiv
217 533 267 615 Ι194
286 545 443 615 (Lucanus)

229 661 294 707 sunt
313 651 429 724 quidam
447 651 495 721 qui
514 650 675 705 medicant
694 665 751 703 non
770 665 833 704 esse
852 657 984 719 poetam:

265 739 317 796 sed
336 740 384 810 qui
403 757 450 794 me
468 737 567 794 vendit
585 737 740 808 bibliopola
757 745 845 808 putat.

141 935 194 1006 (5)
230 935 358 996 Tacitus
377 936 435 991 dial
454 951 489 991 20

139 1046 261 1115 exigitur
272 1045 348 1100 enirn
361 1045 418 1100 iam
431 1045 469 1100 ab
481 1053 592 1100 oratore
604 1045 691 1100 etiam
707 1043 835 1114 poeticus
852 1043 939 1098 decor
953 1057 1011 1097 non
1026 1040 1106 1096 Accii
1119 1049 1167 1096 aut
1182 1040 1295 1095 Pacuvii

86 1143 203 1188 veterno
224 1134 388 1204 inquinatus
406 1133 458 1188 sed
476 1151 510 1189 ex
531 1132 643 1188 Horatii
663 1141 691 1187 et
708 1133 824 1202 Vergilii
845 1141 873 1188 et
894 1131 1000 1186 Lucani
1020 1130 1143 1185 sacrario
1162 1129 1294 1200 prolatus.

86 1223 189 1276 horum
211 1223 297 1292 igitur
320 1223 434 1278 auribus
457 1231 484 1276 et
509 1221 620 1276 iudiciis
645 1223 844 1292 obtemperans
867 1229 1028 1275 nostrorum
1053 1227 1196 1274 oratorum
1217 1225 1296 1272 aetas

87 1308 231 1379 pulchrior
243 1320 270 1365 et
283 1310 407 1365 ornatior
424 1309 537 1365 exstitit.
578 1365 584 1380 ,

142 1511 195 1580 (6)
231 1511 395 1571 Petronius
416 1513 465 1567 118

144 1617 250 1672 multos
271 1616 386 1672 invenes
408 1633 522 1672 carmen
543 1617 662 1687 decepit.
700 1634 767 1672 nam
787 1628 818 1672 ut
840 1617 961 1687 quisque
982 1633 1096 1671 versum
1116 1615 1236 1686 pedibus
1256 1617 1297 1671 in·

91 1704 192 1757 struxit
205 1720 377 1774 sensumque
390 1703 560 1759 teneriorem
571 1706 722 1760 verborum
736 1704 843 1758 ambitu
857 1704 985 1770 intexuit,
997 1704 1107 1774 putavit
1119 1720 1150 1758 se
1163 1705 1298 1760 continuo

91 1792 120 1844 in
141 1791 312 1846 Heliconem
331 1791 451 1846 venisse.
488 1793 528 1846 sic
547 1792 706 1847 forensibus
731 1791 896 1848 ministeriis
918 1791 1061 1846 exercitati
1080 1791 1240 1861 frequenter
1261 1793 1298 1846 ad

91 1879 226 1933 carminis
251 1878 485 1948 tranquillitatem
505 1887 651 1950 tamquam
672 1879 710 1934 ad
734 1889 846 1950 portum
870 1879 1024 1935 feliciorem
1048 1879 1219 1948 refugerunt,
1239 1896 1298 1935 cre·

90 1967 193 2051 dentes
202 1966 314 2020 facilius
324 1983 429 2036 poema
441 1966 545 2021 exstrui
558 1983 651 2037 posse,
665 1984 752 2038 quam
765 1968 986 2023 controversiam
1000 1967 1174 2023 sententiolis
1187 1967 1298 2023 vibran-

91 2055 166 2108 tibus
186 2054 301 2124 pictam.
339 2064 465 2110 ceterum
489 2072 582 2126 neque
605 2055 770 2125 generosior
788 2057 903 2128 spiritus
926 2055 1081 2112 vanitatem
1103 2065 1189 2125 amat,
1207 2073 1299 2126 neque

90 2142 240 2213 concipere
265 2151 314 2196 aut
337 2143 422 2198 edere
440 2154 554 2215 partum
575 2161 656 2200 mens
681 2155 775 2216 potest
799 2145 854 2200 nisi
879 2144 986 2214 ingenti
1007 2143 1122 2200 flumine
1143 2144 1299 2199 litterarum

90 2228 236 2284 inundata
273 2229 471 2299 refugiendum
496 2240 540 2286 est
564 2232 601 2286 ab
626 2233 703 2287 omni
728 2233 879 2287 verborum
903 2241 934 2286 ut
958 2230 998 2286 ita
1022 2231 1116 2286 dicam
1140 2230 1247 2286 vilitate
1272 2240 1299 2284 et

91 2319 248 2374 sumendae
266 2335 351 2373 voces
369 2335 387 2371 a
405 2319 488 2389 plebe
507 2327 641 2389 semotae,
661 2329 692 2373 ut
710 2319 760 2374 fiat
782 2318 845 2374 ‘odi
867 2319 1015 2390 profanum
1032 2319 1132 2388 vulgus
1151 2327 1178 2373 et
1197 2317 1298 2374 arceo’.

91 2417 237 2478 praeterea
254 2406 412 2461 curandum
431 2417 474 2462 est
493 2424 529 2463 ne
546 2408 703 2464 sententiae
722 2408 867 2464 emineant
887 2416 964 2462 extra
982 2423 1085 2478 corpus
1101 2408 1237 2462 orationis
1254 2424 1299 2461 ex-

91 2510 215 2564 pressae,
240 2494 292 2548 sed
317 2493 424 2548 intexto
448 2494 573 2549 vestibus
603 2495 697 2550 colore
721 2494 836 2549 niteant.
883 2495 1026 2548 Homerus
1053 2495 1135 2550 testis
1164 2503 1191 2550 et
1219 2495 1298 2564 lyrici

93 2583 295 2650 Romanusque
307 2580 447 2649 Vergilius
461 2590 488 2635 et
503 2581 615 2636 Horatii
628 2582 741 2637 curiosa
750 2581 877 2636 felicitas.
910 2581 996 2636 ceteri
1006 2580 1083 2636 enim
1096 2590 1210 2636 autnon
1222 2581 1298 2638 vide-

91 2677 154 2723 runt
172 2667 252 2722 viam
273 2683 330 2736 qua
349 2667 436 2720 iretur
455 2668 492 2722 ad
511 2685 625 2722 carmen
643 2678 692 2722 aut
710 2668 801 2723 visam
819 2668 974 2722 timuerunt
992 2667 1109 2724 calcare.
1147 2684 1213 2724 ecce
1232 2669 1299 2724 belli

91 2756 181 2812 civilis
194 2757 297 2826 ingens
314 2773 386 2826 opus
403 2755 531 2826 quisquis
551 2757 683 2826 attigerit,
698 2757 753 2812 nisi
768 2757 869 2828 plenus
886 2757 994 2824 litteris,
1008 2757 1061 2812 sub
1080 2773 1165 2812 onere
1180 2757 1298 2812 labetur.

91 2845 244 2899 nonenim
268 2861 314 2899 res
335 2855 434 2914 gestae
452 2845 579 2899 versibus
598 2845 882 2916 comprehendendae
907 2853 981 2912 sunt,
1001 2844 1078 2914 quod
1095 2845 1180 2914 longe
1198 2845 1299 2900 melius

90 2931 217 2988 historici
242 2931 375 3000 faciunt¹‚
396 2932 447 2987 sed
472 2949 523 3002 per
548 2934 684 3002 ambages
709 2933 882 3002 deorumque
906 2931 1063 2987 ministeria
1086 2941 1115 2987 et
1139 2931 1298 2988 fabulosum

91 3021 295 3076 sententiarum
308 3029 479 3076 tormentum
497 3021 725 3092 praecipitandus
742 3031 785 3076 est
801 3021 872 3076 liber
888 3021 1012 3092 spiritus,
1025 3029 1055 3077 ut
1072 3021 1166 3091 potius
1183 3021 1299 3077 furentis

41 3129 44 3132 ·
90 3108 176 3162 animi
196 3107 363 3163 vaticinatio
384 3117 520 3178 appareat
544 3125 630 3178 quarn
650 3108 800 3178 religiosae
825 3107 961 3163 orationis
986 3107 1039 3162 sub
1063 3107 1184 3162 testibus
1208 3109 1298 3175 fides;

90 3205 236 3267 tamquam
250 3196 274 3250 si
287 3196 381 3264 placet
393 3195 439 3250 hic
452 3195 582 3267 impetus,
595 3194 717 3252 etiamsi
730 3197 859 3252 nondum
871 3196 977 3266 recepit
988 3196 1118 3251 ultimam
1130 3213 1254 3251 manum.

141 3311 223 3365 After
243 3311 301 3364 this
320 3311 429 3365 follows
450 3310 499 3365 the
518 3309 659 3380 fragment
679 3327 716 3365 on
736 3310 785 3366 the
807 3310 872 3365 civil
893 3327 958 3379 war,
980 3310 1125 3365 smooffier
1144 3310 1202 3364 and
1220 3328 1299 3367 more

86 3401 203 3470 elegant
218 3399 289 3452 than
309 3399 414 3464 Lucan,
427 3399 478 3452 but
495 3397 613 3451 without
631 3397 676 3451 his
693 3397 749 3454 fire
790 3398 816 3452 lt
832 3397 916 3452 reads
931 3396 987 3452 like
1003 3414 1021 3452 a
1036 3397 1090 3452 fair
1105 3415 1178 3469 copy
1190 3399 1299 3454 written

85 3499 117 3543 to
138 3490 218 3544 show
239 3488 337 3542 Lucan
357 3487 420 3540 how
439 3495 469 3540 to
487 3485 525 3540 do
544 3486 573 3540 it.
611 3485 666 3541 See
678 3486 768 3541 below
780 3486 795 3558 5
808 3502 849 3556 31.

142 3676 195 3748 (7)
225 3675 343 3733 Fronto
359 3673 462 3747 [fragm
474 3676 511 3732 de
523 3675 698 3730 orationibus
716 3677 753 3730 ad
770 3679 800 3730 M
815 3677 1000 3745 Antoninum,
1015 3676 1113 3731 Naber
1124 3692 1163 3746 pp
1177 3676 1299 3746 157—8]‚

88 3767 161 3822 after
182 3763 324 3836 speaking
343 3763 374 3818 of
390 3764 439 3818 the
458 3762 655 3818 rhetoricians'
673 3763 754 3818 habit
774 3761 822 3834 [he
838 3779 937 3817 names
956 3763 1096 3818 Annaeus
1118 3763 1229 3832 Seneca,
1249 3764 1298 3819 the

86 3869 222 3922 younger,
236 3851 258 3904 it
271 3848 377 3919 seems]
393 3849 425 3904 of
438 3847 649 3918 accumulating
664 3847 854 3918 incongruens
871 3849 958 3903 detail
976 3847 1032 3902 and
1049 3849 1172 3917 wearing
1188 3865 1206 3902 a
1222 3849 1298 3918 topic

86 3940 268 4005 threadbare,
280 3954 349 4006 goes
362 3954 400 3991 on
413 3946 443 3991 to
456 3953 507 4005 say

141 4069 231 4107 unum
247 4051 370 4121 exempli
384 4067 471 4105 causa
483 4061 586 4122 poetae
597 4051 795 4121 prohoemium
808 4051 1047 4118 commemorabo,
1060 4059 1160 4120 poetae
1173 4049 1298 4104 eiusdem
1321 4067 1323 4074 ’

87 4140 224 4210 temporis
241 4139 427 4208 eiusdemque
443 4137 569 4192 nominis
579 4157 587 4204 ;
606 4137 659 4191 fuit
675 4155 766 4209 aeque
782 4139 925 4192 Annaeus.
963 4139 987 4192 is
1005 4137 1086 4192 initio
1104 4137 1238 4192 carminis
1255 4139 1298 4192 sui

127 4297 135 4324 ¹
148 4297 177 4339 So
186 4295 274 4338 Servitus
281 4295 310 4336 ad
318 4295 368 4335 Aen
378 4296 430 4346 1382
440 4294 483 4335 and
492 4293 582 4344 Dryden
592 4293 613 4334 in
622 4306 668 4344 pre·
719 4306 782 4344 sagea
794 4293 847 4334 from
861 4291 978 4333 Medlaeval
990 4291 1071 4332 writers
1084 4297 1106 4332 to
1118 4291 1155 4332 the
1167 4305 1225 4332 same
1235 4291 1299 4332 effect

86 4365 135 4405 fane
147 4373 169 4405 to
181 4366 265 4404 Annus
277 4361 395 4402 Mimantis
413 4361 491 4402 reckon
510 4362 583 4402 Lucan
600 4374 624 4401 as
640 4373 668 4401 an
719 4373 756 4400 are
765 4359 868 4401 collected
877 4359 906 4409 by
915 4357 1000 4400 Genthe
1008 4371 1037 4410 pp
1046 4361 1102 4410 83-4

86 4431 189 4474 bientiae
202 4431 224 4472 in
233 4443 295 4471 verse
308 4428 381 4470 rather
393 4428 444 4468 than
457 4442 470 4470 a
483 4437 537 4482 poet
565 4427 613 4468 The
622 4440 668 4482 pns-
