2966 4948
556 324 743 392 LUCANI
775 324 1093 391 PHARSALIAE

308 489 462 573 bellaque
488 489 635 556 Sardoas
656 489 757 554 etiam
782 498 983 573 sparguntur
1005 489 1039 553 in
1063 510 1149 554 oras.

309 603 449 676 utraque
472 593 636 678 frugiferis
658 603 709 658 est
732 593 841 658 insula
863 593 984 656 nobilis
1006 592 1103 670 aruis,
1302 593 1343 672 65

309 717 370 758 nec
394 697 468 780 plus
493 698 692 780 Hesperiam
715 697 906 780 longinquis
929 699 1092 762 messibus
1115 697 1203 762 ullae

309 819 370 862 nec
395 801 549 864 Romana
572 803 680 884 magis
702 801 912 884 complerunt
935 801 1053 864 horrea
1076 811 1202 866 terrae:

309 906 411 970 ubere
434 904 493 968 uix
516 903 656 986 glaebae
678 913 814 986 superat
836 905 1043 968 cessantibus
1066 904 1202 968 Austris

310 1029 386 1072 cum
411 1008 558 1071 medium
582 1007 686 1070 nubes
709 1007 816 1071 Borea
838 1017 981 1090 cogente
1003 1007 1066 1071 sub
1088 1027 1189 1070 axem

310 1111 421 1176 effusis
445 1131 605 1193 magnum
630 1110 739 1192 Libye
760 1111 839 1174 tulit
862 1110 1023 1174 imbribus
1046 1129 1182 1174 annum.
1303 1125 1349 1192 70

352 1216 435 1280 haec
457 1215 513 1278 ubi
537 1224 614 1278 sunt
636 1216 770 1297 prouisa
793 1213 869 1278 duci
892 1222 973 1278 tunc
995 1215 1131 1296 agmina
1154 1215 1263 1278 uictor

311 1340 378 1382 non
401 1328 531 1382 armata
553 1317 688 1381 trahens
711 1319 770 1382 sed
793 1319 886 1400 pacis
909 1315 1068 1380 habentia
1091 1317 1221 1381 uoltum

206 1433 207 1438 ’
310 1431 399 1486 tecta
422 1423 506 1504 petit
528 1421 665 1504 patriae.
710 1441 771 1504 pro
792 1421 821 1484 si
845 1429 1026 1484 remeasset
1048 1421 1082 1484 in
1106 1421 1222 1485 urbem

311 1526 483 1590 Gallorum
507 1533 640 1588 tantum
663 1523 795 1606 populis
818 1521 992 1606 Arctoque
1015 1523 1162 1600 subacta,

310 1648 412 1714 quam
435 1631 554 1694 seriem
578 1650 687 1694 rerum
710 1628 813 1710 longa
836 1629 1049 1710 praemittere
1072 1649 1206 1712 pompa,
1306 1642 1348 1710 75

310 1755 394 1816 quas
416 1735 527 1816 potuit
549 1731 629 1796 belli
652 1731 769 1810 facies;
800 1741 837 1795 ut
859 1730 993 1794 uincula
1019 1713 1140 1796 Rhend

311 1856 505 1919 oceanoque
528 1835 642 1914 daret;
671 1833 779 1898 celsos
801 1843 838 1898 ut
862 1833 974 1900 Gallia
995 1855 1110 1898 currus

312 1941 433 2006 nobilis
456 1949 490 2004 et
512 1938 607 2003 flauis
629 1948 823 2023 sequeretur
846 1941 956 2004 mixta
979 1941 1158 2004 Britannis.

311 2044 456 2126 perdidit
479 2063 500 2106 o
522 2044 656 2126 qualern
679 2043 847 2106 uincendo
869 2043 966 2126 plura
988 2044 1204 2127 triumphum.

312 2170 380 2212 non
403 2148 496 2212 illum
519 2148 616 2212 laetis
638 2149 818 2212 uadentem
842 2149 993 2214 coetibus
1017 2149 1114 2212 urbes
1307 2150 1354 2212 80

312 2251 370 2314 sed
395 2253 517 2314 tacitae
539 2251 652 2315 uidere
676 2259 776 2315 metu.
821 2269 889 2314 non
912 2251 1064 2314 constitit
1087 2271 1230 2332 usquam

312 2354 411 2417 obuia
434 2355 532 2418 turba
554 2354 639 2420 duci.
684 2354 810 2437 gaudet
833 2363 949 2420 tamen
971 2375 1045 2418 esse
1068 2355 1178 2418 timori

312 2468 382 2522 tam
406 2479 530 2540 magno
552 2459 687 2541 populis
709 2467 743 2524 et
765 2479 802 2522 se
824 2479 893 2522 non
916 2458 1033 2523 mallet
1055 2459 1169 2540 amari.

356 2563 489 2646 iamque
511 2573 545 2626 et
567 2564 764 2648 praecipites
787 2572 1004 2646 superauerat
1026 2562 1180 2628 Anxuris
1203 2583 1308 2641 arces,

225 2700 367 2750 mountains
385 2700 449 2750 t'rom
469 2701 613 2766 recovering
632 2701 697 2751 their
713 2701 812 2751 ancient
851 2701 913 2750 Met.
931 2713 960 2750 tx
975 2715 1015 2766 91,
1029 2714 1060 2764 92
1078 2707 1204 2764 totumque
1219 2702 1283 2750 tulit
1296 2703 1445 2766 praediuite

226 2765 343 2815 bounds’.
379 2766 426 2815 See
437 2774 497 2814 note
509 2782 542 2814 on
555 2779 577 2816 11
590 2787 603 2829 4
607 2781 645 2830 35.
849 2781 928 2814 cornu
939 2775 1092 2815 autumnum
1102 2773 1126 2814 et
1139 2782 1242 2827 nemas,
1248 2767 1344 2832 felicia
1352 2775 1442 2832 poma,

258 2829 299 2891 64.
332 2831 404 2892 bella]
418 2830 450 2880 cl.
462 2839 522 2880 note
533 2847 566 2880 on
578 2843 600 2880 11
613 2833 670 2880 682.
849 2832 975 2880 secundae.

257 2896 298 2945 66.
327 2912 369 2946 nec
373 2896 445 2960 plear]
459 2898 516 2946 ‘nor
527 2897 591 2946 have
603 2896 732 2961 anylands
743 2896 812 2946 filled
884 2909 923 2960 73.
953 2895 1066 2960 pdra'ae]
1081 2895 1124 2946 i.e.
1136 2895 1179 2946 the
1190 2896 1241 2960 city
1252 2895 1283 2945 of
1292 2897 1446 2948 Rome:for

225 2961 292 3025 Italy
302 2977 372 3011 more
386 2960 432 3010 lull
444 2961 505 3010 with
520 2962 613 3011 distant
627 2963 747 3022 harvests,
765 2978 812 3011 nor
850 2961 900 3011 this
911 2961 1045 3026 particular
1056 2977 1099 3010 use
1111 2961 1140 3010 ol
1146 2963 1234 3026 patrea
1248 2977 1370 3027 compare
1382 2972 1445 3012 note

225 3043 274 3090 any
286 3043 355 3076 more
372 3027 432 3076 than
450 3027 509 3090 they
524 3026 592 3076 filled
609 3027 652 3076 the
667 3043 769 3091 gamers
786 3027 816 3076 os
850 3043 883 3075 on
904 3038 926 3074 11
947 3039 1009 3089 574;
1028 3027 1078 3075 add
1096 3026 1157 3076 Tac.
1175 3027 1244 3076 Ann.
1263 3039 1294 3076 tv
1313 3029 1346 3088 58
1364 3044 1449 3092 neque

227 3091 329 3142 Rome’.
352 3092 409 3141 The
420 3091 564 3140 distinction
572 3091 685 3142 between
691 3093 753 3156 plus
761 3093 811 3141 and
849 3092 917 3140 enim
928 3098 981 3140 tane
997 3091 1159 3146 incredibilem
1175 3108 1260 3140 casum
1270 3093 1447 3156 praecedebant

225 3157 304 3216 magr}
314 3159 334 3206 is
345 3157 401 3206 that
408 3158 468 3222 plus
476 3157 626 3220 compleuerat
634 3173 720 3207 means
732 3157 811 3206 ‘filled
849 3163 879 3205 ut
889 3157 1001 3205 undecim
1007 3164 1142 3220 perennes
1152 3157 1230 3206 libens
1234 3157 1326 3221 pataria
1336 3167 1445 3208 careret.

225 3219 318 3280 suller’‚
341 3223 422 3286 magis
443 3223 597 3286 complerunt
618 3238 705 3273 means
730 3221 811 3272 ‘filled
884 3221 924 3285 76.
986 3221 1046 3282 tuit]
1063 3221 1094 3271 cf.
1107 3231 1167 3271 note
1178 3237 1210 3271 on
1223 3233 1244 3271 11
1257 3223 1314 3286 617.

225 3288 308 3337 rather
319 3287 379 3337 than
391 3287 461 3336 these
467 3285 481 3334 ’.
873 3287 954 3350 facies
981 3286 1190 3351 triumphantibus
1201 3287 1267 3336 enim
1281 3303 1336 3337 mos
1347 3295 1403 3338 erat
1415 3298 1445 3338 ut

257 3350 411 3418 langrnqm's]
429 3367 462 3402 sc.
477 3351 603 3416 imported
614 3352 677 3401 srom
689 3353 791 3402 abroad.
848 3351 916 3416 picta
927 3351 1031 3401 flumina
1046 3361 1070 3400 et
1086 3353 1227 3416 prouincias
1242 3368 1305 3417 quas
1321 3353 1445 3403 uicissent

257 3417 297 3468 68.
325 3419 397 3466 ubere
407 3417 463 3474 uix,
476 3417 533 3478 dre]
548 3421 646 3467 ‘scarce
657 3419 718 3468 does
730 3419 812 3482 Libya
848 3425 906 3466 ante
920 3433 1017 3466 curnam
1033 3417 1184 3482 praeferrent
1200 3417 1226 3466 in
1241 3418 1335 3468 tabula.
1353 3419 1446 3468 Schol.

224 3499 323 3548 surpass
335 3483 405 3534 them
418 3483 444 3530 in
461 3482 612 3533 fruitiulness
626 3483 656 3532 os
669 3483 724 3540 soil,
737 3483 810 3532 when
849 3482 881 3531 cl.
897 3483 946 3532 Ov.
962 3497 992 3531 ex
1010 3481 1091 3531 Ponto
1109 3494 1143 3532 111
1161 3482 1186 3532 iv
1207 3485 1334 3546 ros-108
1352 3485 1445 3548 oppida

225 3549 267 3598 the
285 3549 359 3598 south
377 3548 458 3596 winds
476 3563 518 3597 are
536 3547 622 3606 lulled.
641 3549 699 3608 and,
722 3565 749 3598 as
768 3549 810 3598 the
849 3548 949 3595 turrita}
958 3547 1209 3610 cinganturebumea
1221 3549 1316 3608 murir3
1325 3549 1446 3614 fictaque

224 3613 297 3663 north
310 3611 377 3662 wind
393 3613 476 3662 drives
490 3613 533 3662 the
548 3611 635 3662 clouds
650 3614 758 3663 towards
769 3613 812 3663 the
850 3628 887 3660 res
903 3627 960 3661 uero
976 3628 1042 3660 more
1049 3620 1158 3676 putetur
1172 3614 1229 3678 agi:
1249 3615 1381 3677 squalidus
1401 3615 1444 3663 in·

224 3679 323 3742 regions
334 3677 364 3728 of
375 3679 418 3728 the
429 3679 511 3735 south,
523 3677 633 3728 showers
648 3693 711 3742 pour
725 3679 809 3738 down,
850 3677 1025 3740 mr'ssosfeucto
1035 3678 1080 3726 sub
1090 3679 1235 3727 Mnurdine
1243 3679 1324 3728 m'nes
1336 3679 1447 3728 Rhenus

225 3745 275 3794 and
290 3745 335 3794 she
349 3743 739 3806 bearsamightyharvast'‚i.e.
752 3745 811 3808 only
849 3749 874 3791 et
890 3741 991 3806 insectus
1007 3743 1132 3807 sanguine
1146 3750 1229 3808 portet
1249 3759 1337 3809 aquas.
1372 3745 1444 3794 Plin.

224 3809 251 3858 in
262 3809 419 3874 exceptional
433 3825 504 3872 years
515 3809 587 3857 when
603 3825 672 3858 more
687 3809 741 3857 rain
756 3809 812 3858 falls
851 3807 931 3857 H.N.
945 3807 1041 3866 vflsb.
1481 3819 1482 3822 ’

224 3875 285 3923 than
297 3875 318 3923 is
329 3876 426 3938 usually
437 3874 480 3923 the
492 3889 547 3923 case
560 3874 665 3923 because
679 3874 722 3923 the
737 3874 812 3924 north
884 3883 924 3935 77.
957 3872 1037 3934 daret]
1054 3887 1088 3922 sc.
1101 3873 1133 3922 he
1144 3872 1227 3922 would
1242 3873 1308 3924 have
1322 3874 1386 3924 been
1403 3891 1445 3925 re-

225 3940 293 3989 wind
304 3940 383 3989 blows
395 3939 491 3988 instead
503 3938 532 3988 ot
540 3939 583 3988 the
594 3939 676 3988 south.
850 3937 982 4002 presented
993 3953 1021 3987 as
1032 3938 1182 4002 enchaining
1190 3939 1233 3988 the
1243 3939 1326 3989 Rhine
1335 3941 1383 3990 and
1397 3941 1446 3990 the
1481 3959 1482 3964 ¹

260 4015 299 4066 70.
323 4004 410 4068 Libye]
422 4005 473 4054 For
482 4002 720 4054 thesruitfulnessol
726 4002 812 4053 Africa
851 4003 946 4054 Ocean.
1481 4041 1482 4062 2

225 4069 257 4119 cl'.
277 4071 341 4120 Hor.
357 4085 433 4119 carm.
446 4069 477 4118 ti
495 4085 525 4120 io
541 4069 661 4133 quicquid
673 4069 702 4118 de
714 4069 812 4132 Libycis
885 4079 923 4132 79.
954 4067 1077 4131 perdidit]
1094 4083 1128 4117 sc.
1142 4067 1249 4117 because
1260 4067 1294 4118 he
1305 4069 1377 4119 could
1394 4081 1446 4120 not
1481 4091 1482 4134 ς

225 4137 338 4184 aarum
348 4136 421 4184 areis.
850 4133 960 4197 triumph
977 4134 1016 4182 l'or
1027 4133 1123 4198 victory
1135 4133 1161 4182 in
1175 4133 1235 4183 civil
1247 4149 1309 4184 war.
1338 4135 1369 4184 cs.
1380 4147 1449 4186 note
1481 4139 1482 4194 ζ

257 4200 366 4260 annum]
389 4199 419 4250 ci.
440 4199 496 4248 inlr.
514 4211 569 4260 452.
607 4199 675 4250 Oud.
692 4197 723 4248 cl.
745 4199 808 4249 Stat.
850 4211 905 4247 ont
921 4213 958 4248 ra.

227 4264 812 4342 Silu.'111ar‚antnrirprimaDisaearchu
884 4265 922 4326 84.
958 4263 1131 4328 superauerat]
1160 4263 1226 4314 ‘had
1250 4263 1362 4342 passed'.
1409 4267 1445 4316 ci.
1481 4239 1482 4294 l

228 4331 351 4378 Piranum
358 4345 447 4393 graues
456 4330 544 4378 antula
553 4345 660 4378 annum.
686 4328 812 4394 Compare
849 4327 925 4392 Verg.
941 4328 1063 4378 Eclviti
1080 4327 1096 4378 6
1111 4345 1153 4380 seu
1168 4345 1256 4393 mam
1270 4339 1372 4396 superas
1389 4333 1448 4382 ιἀιη
1481 4361 1482 4426 p

227 4395 280 4443 also
298 4394 340 4443 the
359 4409 403 4444 use
422 4393 451 4444 ot
467 4401 605 4442 autumnus
624 4393 663 4444 ior
681 4392 740 4442 fruit
760 4394 810 4445 Ov.
849 4407 912 4441 saxa
929 4394 1036 4444 Timaui.
