2966 4948
518 429 520 433 Ι
571 333 757 402 Lucani
790 329 1107 398 rnnnsnmaa

321 504 561 589 degenerisque
583 513 693 570 metus
716 503 762 568 nil
785 503 852 568 iam
875 503 1025 586 potuisse
1047 500 1170 584 negari.

321 609 414 671 ocius
436 615 567 672 auertat
589 607 652 671 diri
675 606 764 670 mala
787 605 915 670 semina
937 603 1026 670 belli.
1295 617 1352 682 150

322 712 447 776 damna
469 721 606 776 mouent
629 711 784 794 populoS,
806 711 834 774 si
856 730 941 792 quos
964 729 1024 772 sua
1047 707 1119 772 iura
1140 715 1285 770 tuentur.

322 835 389 879 non
412 816 474 880 sibi
497 817 555 880 sed
578 817 717 880 domino
739 814 851 896 grauis
874 821 926 876 est
947 832 1035 894 quae
1057 811 1161 874 seruit
1182 819 1320 892 egestas.

322 920 473 1002 protinus
495 921 642 986 abducto
664 926 845 1004 patuerunt
867 915 996 1001 templa
1018 914 1169 980 Metello.

322 1029 396 1087 tum
419 1043 517 1107 rupes
540 1023 685 1106 Tarpeia
706 1029 805 1086 sonat
828 1039 1019 1104 magnoque
1042 1017 1189 1082 reclusas

322 1132 466 1190 testatur
487 1127 628 1190 stridore
651 1125 758 1189 sores:
786 1133 860 1188 tum
882 1122 1038 1187 conditus
1061 1121 1130 1186 imo
1295 1133 1349 1200 155

323 1229 449 1293 eruitur
469 1229 599 1314 templo
622 1228 735 1293 multis
758 1229 903 1292 intactus
924 1227 969 1290 ab
991 1227 1088 1291 annis

324 1332 469 1398 Romani
492 1354 609 1398 census
631 1332 759 1416 populi,
781 1352 882 1415 quem
907 1331 1032 1396 Punica
1054 1328 1155 1404 bella,

323 1457 423 1519 quem
446 1439 585 1503 dederat
609 1437 733 1516 Perses,
756 1457 856 1520 quem
880 1437 960 1500 uicti
982 1435 1108 1519 praeda
1131 1435 1297 1518 Philippi:

322 1541 414 1624 quod
436 1542 507 1619 tibi,
531 1543 651 1620 Roma,
674 1540 754 1625 suga
778 1539 923 1624 Pyrrhus
945 1538 1137 1622 trepidante
1160 1539 1303 1622 reliquit,

323 1664 391 1728 quo
413 1653 447 1709 te
470 1645 733 1728 Fabriciusregi
756 1665 824 1708 non
846 1642 1000 1707 uendidit
1022 1662 1112 1720 auro,
1294 1639 1353 1705 160

322 1747 486 1832 quidquid
509 1767 684 1831 parcorum
708 1767 818 1812 mores
841 1747 999 1810 seruastis
1021 1765 1172 1822 auorum,

322 1851 413 1933 quod
437 1851 524 1916 dites
547 1852 652 1916 Asiae
673 1851 790 1936 populi
814 1849 932 1916 misere
953 1851 1126 1927 tributum,

323 1955 507 2038 uictorique
530 1956 624 2020 dedit
647 1956 777 2020 Minoia
799 1955 902 2022 Creta
924 1955 1075 2032 Metello,

323 2059 414 2140 quod
438 2059 525 2124 Cato
548 2058 733 2143 longinqua
755 2059 850 2124 uexit
872 2079 974 2141 super
995 2077 1141 2141 aequora
1164 2057 1285 2140 Cypro.

321 2170 403 2226 tunc
425 2161 574 2227 Orientis
596 2183 678 2246 opes
699 2172 943 2244 captorumque
966 2161 1087 2226 ultima
1109 2181 1225 2242 regum
1296 2159 1351 2238 165

322 2285 410 2350 quae
434 2266 647 2348 Pompeianis
668 2264 820 2349 praelata
842 2275 894 2329 est
916 2285 1001 2348 gaza
1022 2264 1201 2347 triumphis
1463 2217 1468 2450 Ι

322 2367 486 2451 egeritur:
516 2369 603 2432 tristi
626 2368 814 2452 spoliantur
835 2367 963 2452 templa
984 2367 1119 2451 rapina;

322 2473 565 2556 pauperiorque
587 2471 649 2536 fuit
672 2481 745 2536 tum
768 2471 913 2556 primum
938 2471 1082 2537 Caesare
1105 2471 1227 2534 Roma.

366 2575 493 2639 interea
515 2584 625 2640 totum
649 2575 768 2658 Magni
792 2575 926 2640 fortuna
948 2596 1009 2659 per
1030 2575 1147 2640 orbem

321 2699 436 2743 secum
459 2699 593 2742 casuras
616 2679 650 2742 in
673 2677 800 2762 proelia
823 2687 975 2742 mouerat
998 2678 1106 2743 urbes,
1298 2693 1356 2760 170

322 2783 485 2865 proxima,
501 2783 612 2846 uicino
635 2782 723 2846 uires
746 2783 806 2847 dat
829 2781 971 2847 Graecia
993 2782 1092 2847 bello.

324 2884 504 2948 Phocaicas
526 2884 712 2968 Amphissa
735 2903 854 2948 manus
877 2884 1121 2968 scopulosaque
1145 2885 1284 2970 Cyrrha,

263 3087 817 3154 pudoruli.e.dedecm'spudoremaffrrentis.
861 3101 907 3152 217
922 3105 991 3138 nunc
1000 3095 1035 3139 est
1044 3089 1073 3138 in
1084 3089 1166 3154 pretio
1176 3091 1296 3154 ῥητίνη,
1309 3089 1429 3140 dorcam
1465 3059 1466 3080 Χ

235 3151 267 3202 ci.
283 3153 331 3202 Ov·
351 3153 456 3202 Heroid.
473 3165 504 3202 xl
522 3167 552 3217 79
570 3155 652 3202 amit
667 3161 691 3204 et
707 3160 819 3203 nostrum
859 3154 968 3211 horrores,
979 3155 1206 3204 cmmamicirias.

235 3217 321 3282 reuirat
330 3217 435 3266 clamore
438 3219 565 3282 pudorem„
895 3219 950 3270 160.
983 3236 1030 3284 quo
1038 3220 1071 3282 te]
1083 3219 1127 3269 ie.
1140 3221 1182 3270 the
1191 3219 1251 3284 gold
1259 3221 1341 3271 which
1351 3220 1429 3282 haring

270 3296 325 3346 150.
358 3281 467 3344 auertat]
484 3285 533 3359 [let
555 3284 608 3333 him
624 3299 708 3361 sweep
728 3281 819 3348 away'.
860 3283 924 3334 been
936 3283 1033 3360 refused
1042 3286 1076 3350 by
1085 3285 1223 3343 Fabricius,
1232 3285 1429 3360 remsinedinthe

229 3347 821 3480 {fami}hih³⁷siiiiiibfiiiii
860 3349 1428 3529 iffiiinsssiri'lffissiamhffihidii

234 3479 354 3529 Sidonicas
365 3485 475 3528 auertere
479 3479 595 3544 praedas.
860 3488 971 3543 treasury
979 3479 1042 3529 nster
1050 3480 1089 3530 his
1116 3479 1179 3530 eieat
1191 3481 1225 3544 by
1235 3481 1336 3531 Manius
1345 3481 1428 3531 Curius.

267 3545 362 3593 semina
374 3543 441 3605 belh]
452 3544 484 3594 cf.
492 3544 542 3594 Ov.
550 3545 630 3594 Mem
646 3559 691 3608 140
702 3543 820 3608 effodr'un-
861 3545 912 3594 For
937 3544 980 3594 the
1006 3546 1139 3595 attraction
1162 3545 1230 3596 Oud.
1253 3547 1286 3595 ci.
1303 3559 1333 3596 vt
1352 3546 1430 3609 663et
1464 3569 1465 3602 ς

235 3610 648 3674 turopesirritammtamalomm.
677 3609 818 3660 Tac-Hist.
859 3609 949 3674 quibus
965 3626 991 3660 os
1006 3611 1092 3660 dirum
1108 3611 1262 3660 nascentibus
1278 3612 1374 3676 inspuit
1387 3612 1428 3660 ter·
1464 3623 1465 3671 1

237 3686 266 3724 111
280 3688 310 3738 74
321 3674 362 3723 sed
371 3673 439 3723 uobis
450 3676 592 3723 maximum
603 3675 736 3751 discn'men
737 3682 821 3788 1penes
860 3675 905 3724 ris.
1084 3741 1089 3754 .

235 3755 294 3804 quos
310 3755 405 3788 rurum
424 3745 448 3789 et
467 3747 520 3804 opes
531 3747 680 3805 praecrpuae
701 3741 739 3790 bel
747 3755 820 3790 orum
896 3739 948 3790 161.
984 3739 1108 3818 renarras]
1126 3741 1177 3790 For
1188 3740 1232 3792 the
1243 3742 1340 3792 sudden
1349 3741 1430 3828 change

234 3821 329 3948 ταᾨαιι..
357 3869 462 3931 damna]
479 3869 568 3920 ‘losses
584 3869 629 3920 stir
642 3869 685 3921 the
699 3868 778 3946 wrath
794 3867 824 3920 oi
859 3803 1000 3936 ἓὲἷθῗὲοῗ
1019 3805 1431 3937 ἓξηῗήᾎῖιῗιὲηιὴνεῗξιὲῒλᾳὶὲ

234 3935 547 4066 ῒαῖειεῗιῖἓῐρῐῑῗὲεξένεξτγγ
557 3934 746 4050 Ιὲῗςείὲξοξὴῗξ
758 3951 820 4049 man
858 3937 1067 4064 Ariamazi
1081 4001 1129 4052 See
1138 4001 1278 4052 Plutarch's
1289 4001 1332 4052 liie
1343 4003 1372 4052 oi
1379 4001 1432 4052 Cato

235 4081 324 4130 gerous
346 4073 391 4116 not
418 4073 446 4115 to
468 4065 616 4116 themselves
638 4065 683 4116 but
705 4071 733 4115 to
755 4065 820 4115 their
859 4063 962 4130 chapter
974 4081 1014 4130 45.

236 4127 346 4180 master’.
461 4195 467 4208 .
721 4195 727 4208 .
893 4128 949 4217 165:
982 4129 1084 4193 ultima]
1108 4131 1184 4181 ‘from
1205 4131 1248 4182 the
1270 4133 1334 4182 ends
1354 4132 1383 4182 oi
1399 4131 1433 4180 the

271 4193 819 4338 123.mqltffigffig'gys99c1fusflffi
858 4197 951 4311 mitid.
979 4196 1123 4326 ganza]
1139 4261 1224 4312 Weiss
1233 4261 1321 4312 thinks
1332 4263 1384 4313 that
1394 4263 1435 4312 this

236 4338 312 4398 carm:
329 4333 351 4372 11
368 4340 400 4372 xv
416 4341 444 4388 ¹3
459 4333 580 4389 priuatus
597 4327 650 4376 aliu
668 4342 753 4374 census
767 4333 821 4375 erat
859 4341 880 4376 rs
892 4343 907 4376 a
918 4325 1041 4377 reference
1053 4335 1080 4376 to
1091 4325 1205 4377 Caesar’s
1216 4327 1308 4378 iormer
1319 4329 1397 4378 debis.
1462 4343 1463 4388 ξ

237 4387 326 4444 brusts,
343 4404 468 4438 commune
488 4393 615 4454 magnum.
651 4390 701 4442 Ov.
718 4391 787 4441 Fast.
810 4403 819 4440 1
895 4403 948 4454 ¹70·
981 4392 1071 4453 serum]
1083 4407 1116 4442 sc.
1128 4409 1183 4441 cum
1195 4395 1248 4456 ipsa
1252 4393 1370 4456 fortuna.
