3008 4946
459 351 606 418 crasa
638 351 699 418 rx.
734 333 921 418 112-160J

167 517 237 581 uidi
258 537 323 601 ego
347 518 553 601 magnanimi
576 516 752 582 lacerantis
774 526 912 600 pectora
934 515 1057 599 patris:

168 641 230 684 nec
252 621 391 685 credens
416 620 573 686 Pharium
595 630 728 685 tantum
751 621 900 703 potuisse
923 627 1103 702 tyrannum

168 722 265 787 litore
287 723 420 788 Niliaco
442 743 595 788 socerum
618 725 684 787 iam
707 729 796 786 stare
818 722 943 806 putaui.
1142 732 1199 800 135

167 825 227 888 sed
251 845 305 889 me
326 846 389 890 nec
412 827 556 910 sanguis,
581 845 642 888 nec
664 833 797 889 tantum
820 824 957 888 uolnera
978 823 1082 887 nostri

167 926 320 992 adfecere
340 929 439 1006 senis,
462 935 626 1012 quantum
649 936 781 1011 gestata
803 947 863 1011 per
884 927 1000 992 urbem

166 1051 227 1094 ora
249 1031 352 1110 ducis,
373 1051 461 1115 quae
482 1030 647 1094 transfixo
669 1029 826 1094 sublimia
847 1029 917 1114 pilo

167 1132 330 1198 uidimus:
361 1135 455 1214 haec,
478 1133 568 1198 sama
590 1141 650 1207 est,
674 1132 780 1196 oculis
803 1131 937 1196 uictoris
959 1132 1062 1216 iniqui

167 1237 301 1312 seruari,
324 1235 523 1319 scelerisque
545 1233 647 1299 fidem
670 1236 842 1318 quaesisse
863 1244 1052 1318 tyrannum.
1142 1252 1203 1316 140

168 1357 246 1401 nam
269 1359 390 1422 corpus
414 1337 596 1401 Phariaene
618 1357 717 1401 canes
739 1338 925 1421 auidaeque
947 1339 1098 1402 uolucres

167 1439 368 1520 distulerint,
392 1462 436 1506 an
459 1441 600 1506 furtiuus
623 1461 723 1524 quem
746 1441 892 1504 uidimus
915 1442 1002 1524 ignis

166 1541 313 1620 soluerit,
336 1543 462 1626 ignoro.
507 1563 738 1628 quaecumque
760 1543 880 1606 iniuria
902 1542 962 1607 sati

166 1645 307 1708 abstulit
329 1645 392 1710 hos
414 1655 514 1723 artus,
537 1646 664 1730 superis
687 1647 770 1711 haec
793 1647 932 1712 crimina
953 1649 1061 1712 dono:

167 1756 301 1811 seruata
322 1748 365 1811 de
387 1758 483 1831 parte
505 1770 633 1832 queror.
678 1770 755 1814 cum
778 1749 860 1816 talia
882 1750 1029 1834 Magnus
1141 1765 1198 1832 145

167 1853 325 1930 audisset,
350 1873 418 1920 non
440 1854 474 1917 in
497 1857 643 1938 gemitus
666 1854 885 1938 lacrimasque
907 1855 1057 1920 dolorem

168 1955 296 2034 effudit,
321 1957 476 2042 iustaque
498 1958 609 2022 furens
632 1958 759 2040 pietate
781 1957 948 2041 profatur:

167 2061 385 2146 praecipitate
407 2071 496 2127 rates
518 2084 537 2126 e
559 2065 648 2128 sicco
671 2063 775 2142 litore,
799 2074 940 2142 nautae;

167 2149 284 2228 classis
306 2167 341 2228 in
363 2165 523 2230 aduersos
546 2174 702 2249 erumpat
724 2168 850 2250 remige
872 2177 1011 2232 uentos:

168 2269 223 2346 ite,
245 2269 357 2346 duces,
379 2289 532 2333 mecum:
561 2289 746 2351 numquam
768 2269 922 2333 ciuilibus
945 2270 1046 2334 armis
1142 2281 1202 2351 150

167 2379 264 2434 tanta
286 2371 349 2436 fuit
372 2391 508 2448 merces,
531 2370 723 2434 inhumatos
746 2373 889 2436 condere
912 2393 1036 2450 manes,

102 2509 109 2519 ·
167 2473 332 2557 sanguine
354 2474 501 2537 semiuiri
524 2473 689 2556 Magnum
712 2476 833 2538 satiare
855 2476 996 2558 tyranni.

169 2597 237 2640 non
259 2598 324 2659 ego
347 2576 496 2640 Pellaeas
519 2595 612 2639 arces
633 2575 813 2658 adytisque
835 2585 996 2640 retectum

167 2702 288 2765 corpus
311 2680 501 2744 Alexandri
524 2679 619 2764 pigra
642 2681 830 2744 Mareotide
852 2681 1024 2763 mergam?

168 2806 236 2849 non
260 2784 342 2848 mihi
367 2785 584 2867 Pyramidum
607 2783 746 2847 tumulis
770 2782 904 2846 euolsus
926 2783 1063 2847 Amasis
1142 2797 1199 2865 155

167 2898 271 2971 atque
293 2886 349 2952 alii
373 2907 467 2970 reges
491 2885 571 2950 Nilo
594 2893 742 2949 torrente
765 2885 952 2950 natabunt?

167 2989 282 3053 omnia
304 2990 387 3053 dent
408 3008 535 3071 poenas
558 2988 649 3050 nudo
672 2987 741 3061 tibi,
765 2987 900 3070 Magne,
922 2986 1093 3070 sepulcra:

168 3089 326 3155 euoluam
349 3090 449 3154 busto
472 3089 539 3152 iam
563 3108 685 3152 numen
708 3089 865 3172 gentibus
888 3089 967 3168 Isin,
1005 3067 1022 3124 χ

168 3203 204 3258 et
226 3203 353 3258 tectum
376 3193 446 3256 lino
468 3212 625 3276 spargam
649 3213 708 3274 per
730 3191 848 3274 uolgus
871 3190 991 3271 Osirin,

168 3307 204 3362 et
225 3318 319 3362 sacer
341 3298 375 3360 in
398 3295 516 3379 Magni
538 3295 664 3358 cineres
688 3295 889 3360 mactabitur
910 3295 1006 3379 Aple,
1142 3299 1203 3363 160

78 3577 117 3627 lor
135 3576 230 3641 haring
245 3576 375 3626 conferred
392 3591 425 3626 on
449 3575 518 3625 them
535 3575 577 3624 the
594 3575 665 3639 king·
739 3591 793 3641 149.
830 3573 859 3622 in
869 3572 995 3634 aduersos]
1008 3571 1086 3622 ‘soree
1098 3587 1113 3622 a
1124 3587 1179 3637 way
1190 3574 1288 3639 against

78 3641 163 3692 dorn’.
189 3641 240 3691 For
255 3641 299 3691 the
314 3641 496 3706 metaphorical
512 3640 622 3698 uictima,
634 3641 666 3689 cl.
704 3639 747 3689 the
758 3639 883 3704 opposing
892 3638 993 3688 winds'.

78 3717 186 3758 noteon
196 3719 239 3756 vu
253 3706 308 3772 596.
738 3719 792 3768 ¹5¹·
819 3710 890 3753 tenta
893 3703 952 3768 suit
961 3702 1059 3764 merces]
1073 3703 1132 3752 ‘has
1143 3703 1212 3754 there
1224 3705 1288 3755 been

116 3771 172 3836 136.
205 3773 286 3822 nostri
300 3771 375 3833 senis]
395 3769 436 3820 ‘ot'
448 3785 494 3821 our
510 3770 574 3834 aged
594 3770 663 3830 sire’,
703 3769 924 3819 mehadesirable
938 3767 1041 3832 object’,
1053 3767 1094 3818 ie.
1112 3768 1182 3818 there
1192 3769 1288 3819 willbe

78 3837 112 3888 cl.
128 3839 195 3889 Stat.
208 3837 272 3887 Silu.
286 3848 321 3886 111
333 3837 361 3885 iii
374 3852 412 3900 32,
426 3851 456 3900 33
468 3837 613 3900 Aoniasque
625 3843 668 3884 tuo
703 3851 737 3884 no
752 3835 815 3899 guilt
830 3833 860 3884 ol
870 3834 929 3883 civil
945 3849 996 3882 aar
1011 3834 1126 3883 incurred
1137 3835 1172 3898 by
1182 3834 1288 3900 burying

77 3903 232 3953 sacrabimus
242 3903 310 3951 ultro
321 3902 434 3965 inscias,
447 3903 559 3956 Etrusca.
570 3901 631 3950 seni.
704 3899 839 3965 Pompeius
849 3900 900 3948 aud
910 3898 1081 3963 slaughtering
1091 3899 1237 3963 Egyptians.

115 3970 173 4032 138.
196 3965 332 4030 transfiw]
346 3965 445 4016 ‘driven
456 3965 565 4030 through
576 3965 666 4015 them'.
739 3977 793 4026 155.
817 3965 983 4028 Pyramidum
991 3965 1107 4026 tumulis]
1117 3964 1173 4013 ‘the
1181 3965 1288 4015 mounds

78 4031 291 4148 ,irtam
309 4029 514 4091 ‘⁶⁰‘¹²¹¹¹¹'¹²¹⁵⁰¹²”
533 4031 617 4080 Μ
632 4030 664 4081 ⁰‘·
703 4030 733 4144 l
746 4028 952 4159 hilltdhss
966 4028 1097 4144 ‘'llbllil
1111 4031 1287 4145 stlat

115 4179 170 4226 ¹43·
207 4161 309 4212 iniun'a
312 4160 380 4226 fata]
391 4160 534 4226 equivalent
546 4168 573 4210 to
576 4161 666 4225 fatum
705 4161 757 4210 For
767 4159 867 4209 Amasis
878 4159 910 4208 ci.
924 4159 1022 4208 Herod.
1034 4170 1055 4207 11
1072 4156 1114 4208 161
1128 4158 1182 4208 loll.

77 4229 218 4278 iniustum.
739 4239 794 4289 157.
827 4224 904 4286 nudo]
915 4223 946 4274 cs.
960 4239 1028 4288 supr.
1039 4223 1081 4287 64.

114 4309 171 4357 ¹44·
203 4292 277 4354 dom]
298 4290 450 4357 ‘Ir'orgire’,
463 4291 496 4342 ci.
508 4297 568 4342 note
579 4307 612 4341 on
624 4303 666 4341 vn
739 4292 794 4352 158.
828 4289 881 4338 iam
903 4289 1009 4352 numen]
1031 4289 1100 4340 Oud.
1121 4287 1291 4354 ci163sed

76 4360 136 4424 850.
593 4373 601 4390 r
705 4356 769 4404 milri
778 4356 829 4404 iam
841 4371 942 4404 numu.

113 4437 171 4488 145.
205 4429 306 4473 mata
313 4422 397 4490 parte]
408 4437 443 4474 sc.
454 4422 494 4473 his
505 4421 579 4473 head.
740 4434 794 4485 ¹59·
828 4426 916 4470 tactum
927 4419 990 4483 lino]
1006 4419 1039 4471 cf.
1051 4427 1111 4473 note
1122 4437 1155 4472 on
1167 4433 1186 4471 x
1201 4432 1253 4486 175.
