3010 4944
560 343 745 410 LUCANl
779 341 1097 408 PHARSALIAE

311 511 479 574 miscuerit
502 517 622 573 natura
644 508 726 584 sole,
750 528 817 570 non
840 527 919 571 cura
942 507 1103 589 laborque

311 623 425 676 noster
446 615 530 676 scire
553 610 663 676 ualet:
694 611 756 674 nisi
779 610 870 692 quod
896 609 1035 692 uolgata
1058 627 1118 691 per
1140 607 1257 672 orbem

310 714 423 779 sabula
446 736 507 798 pro
529 735 608 778 uera
630 715 763 796 decepit
786 713 919 776 saecula
942 733 1052 776 causa.

310 817 431 892 finibus
454 818 615 881 extremis
640 816 774 899 Libyes,
798 816 855 878 ubi
878 815 1004 878 feruida
1026 814 1125 878 tellus

310 921 432 1004 accipit
454 940 617 984 oceanum
640 920 787 983 demisso
809 919 880 981 sole
903 917 1078 994 calentem,
1277 917 1342 996 625

247 1051 253 1060 ·
310 1023 510 1106 squalebant
532 1021 600 1086 late
625 1021 853 1103 Phorcynidos
878 1040 958 1084 arua
982 1019 1154 1094 Medusae,

310 1147 376 1189 non
400 1146 574 1190 nemorum
598 1133 750 1208 protecta
772 1144 878 1200 coma,
902 1143 969 1186 non
993 1122 1109 1186 mollia
1132 1121 1235 1196 sulc0,

309 1229 368 1292 sed
391 1227 549 1292 dominae
573 1226 668 1290 uoltu
691 1226 880 1309 conspectis
903 1246 1021 1308 aspera
1044 1225 1146 1288 saxis.

310 1332 373 1394 hoc
397 1331 542 1414 primum
564 1339 684 1394 natura
707 1351 831 1392 nocens
854 1331 887 1392 in
911 1349 1049 1412 corpore
1071 1345 1190 1392 saeuas

311 1437 430 1498 eduxit
452 1444 583 1518 pestes:
615 1433 680 1497 illis
703 1454 722 1496 e
745 1431 896 1496 saucibus
918 1453 1045 1514 angues
1278 1431 1346 1510 630

312 1537 452 1601 stridula
475 1535 634 1600 fuderunt
657 1535 795 1600 uibratis
818 1535 914 1599 sibila
938 1535 1068 1617 linguis,

312 1639 476 1704 femineae
499 1639 556 1722 qui
580 1659 672 1701 more
695 1659 811 1702 comae
834 1658 893 1720 per
915 1647 1010 1719 terga
1033 1637 1132 1701 soluti

311 1744 383 1827 ipsa
406 1741 622 1824 flagellabant
645 1741 823 1824 gaudentis
846 1739 931 1804 colla
956 1740 1126 1804 Medusae.

311 1854 451 1926 surgunt
474 1845 616 1908 aduersa
638 1844 812 1906 subrectae
836 1842 944 1906 fronte
967 1843 1132 1920 colubrae,

312 1947 551 2031 uipereumque
574 1945 647 2009 fluit
669 1945 804 2028 depexo
827 1946 916 2009 crine
938 1965 1113 2010 uenenum.
1279 1949 1343 2028 635

312 2051 376 2114 hoc
399 2050 501 2114 habet
524 2049 641 2112 infelix
666 2050 793 2113 cunctis
816 2051 953 2132 impune
976 2049 1118 2114 Medusa

312 2155 402 2238 quod
427 2165 579 2237 spectare
602 2154 689 2218 licet.
733 2173 812 2216 nam
835 2153 935 2216 rictus
959 2174 1083 2235 oraque
1106 2155 1247 2218 monstri

312 2261 388 2342 quis
410 2258 546 2322 timuit?
577 2277 678 2340 quem
701 2255 758 2338 qui
782 2265 873 2318 recto
895 2275 931 2318 se
953 2256 1078 2320 lumine
1102 2257 1186 2321 uidit

312 2383 412 2448 passa
436 2360 578 2424 Medusa
601 2359 685 2422 mori
708 2359 783 2422 est?
828 2359 937 2442 rapuit
960 2359 1150 2422 dubitantia
1173 2359 1243 2424 sata

311 2465 551 2550 praeuenitque
575 2473 703 2528 metus:
736 2462 848 2526 anima
871 2463 996 2546 periere
1019 2473 1149 2527 retenta
1279 2467 1346 2544 640

313 2570 464 2635 membra
487 2589 547 2632 nec
570 2569 712 2632 emissae
735 2568 864 2650 riguere
886 2569 949 2631 sub
971 2567 1102 2631 ossibus
1125 2569 1272 2633 umbrae.

315 2673 543 2738 Eumenidum
568 2672 674 2734 crines
697 2669 787 2734 solos
812 2685 945 2734 mouere
968 2671 1112 2734 furores:

314 2779 477 2846 Cerberus
501 2777 639 2860 Orpheo
661 2775 777 2839 leniuit
800 2775 898 2840 sibila
919 2785 1040 2839 cantu:

313 2879 638 2966 Amphitryoniades
661 2879 746 2942 uidit
768 2899 844 2942 cum
868 2878 1015 2943 uinceret
1039 2877 1217 2961 Hydram;

260 3133 316 3185 611.
352 3133 492 3198 nisiquad]
508 3134 628 3184 asWeise
639 3134 752 3200 explains
765 3135 813 3185 ‘all
849 3141 914 3186 tatur
924 3135 999 3185 crinis
1009 3135 1111 3196 scilicet,
1123 3151 1182 3186 nam
1193 3137 1290 3186 uoltum
1303 3151 1379 3187 nemo
1391 3137 1434 3186 im·

228 3199 240 3248 1
252 3197 329 3250 know
340 3197 361 3248 is
372 3199 426 3248 that
437 3215 452 3248 a
463 3199 524 3249 r'alse
539 3199 589 3249 tale
604 3201 694 3264 spread
705 3199 812 3264 through
847 3216 914 3266 pune
925 3201 1074 3265 adspexerit.

227 3263 271 3315 the
287 3264 366 3314 world
382 3265 408 3313 in
425 3265 497 3328 place
515 3263 544 3313 ol
559 3265 601 3314 the
616 3265 667 3314 real
682 3281 755 3314 cause
768 3265 813 3315 has
881 3263 936 3329 637.
972 3267 1051 3314 tertias
1058 3265 1160 3331 araque]
1179 3267 1286 3332 ‘gaping
1296 3268 1386 3317 mouth
1392 3266 1407 3314 '.

227 3329 347 3380 deceived
363 3329 397 3378 all
413 3327 493 3394 ages'.
521 3329 553 3378 cs.
570 3330 631 3380 Sall.
648 3331 704 3394 Iug.
720 3331 752 3392 67
765 3338 812 3394 pa·
880 3330 937 3392 638.
972 3331 1028 3394 quis
1037 3331 1154 3392 timur'tl]
1174 3333 1362 3382 ‘whohashad
1375 3333 1433 3382 time

229 3411 287 3444 rum
299 3395 460 3459 comperimus
464 3411 474 3450 ,·
492 3395 544 3443 nisi
552 3395 614 3459 quia
625 3396 730 3454 uidetur,
746 3399 798 3447 &a
848 3401 874 3444 to
889 3379 999 3444 shudder
1009 3394 1065 3445 ati'
1082 3397 1242 3448 habemuse
1257 3397 1290 3448 he
1303 3399 1389 3448 would
1404 3399 1433 3448 be

260 3459 316 3524 625.
345 3459 442 3523 accr'pit]
454 3457 577 3516 ‘admits',
585 3460 629 3509 he.
640 3459 661 3510 is
670 3460 761 3509 bathed
770 3460 811 3523 by.
848 3461 936 3509 turned
947 3467 974 3510 to
985 3469 1057 3510 stone
1067 3469 1093 3510 at
1104 3477 1174 3510 once.

260 3525 386 3586 calentem]
403 3525 435 3574 ci.
450 3525 505 3574 Iuv.
518 3536 569 3573 xlv
583 3527 632 3574 280
646 3525 732 3574 audiet
746 3525 811 3574 Her-
881 3531 941 3574 recta
956 3541 980 3574 se
995 3527 1092 3574 lumine
1106 3526 1189 3588 ur'dr't]
1201 3527 1274 3577 ‘who
1284 3528 1332 3578 has
1341 3527 1433 3578 looked

227 3591 443 3639 culeostn'dmtem
451 3589 640 3654 grargr'lesolem.
847 3589 893 3640 her
904 3590 949 3639 full
960 3590 987 3639 in
998 3591 1041 3640 the
1053 3591 1127 3640 tace'.
1209 3621 1212 3630 ·

261 3654 317 3706 626.
350 3655 503 3720 squalebant]
519 3655 551 3704 cs.
564 3663 666 3704 noteon
679 3666 688 3703 1
701 3669 757 3718 1ο3.
880 3655 937 3719 639.
971 3655 1055 3718 passa]
1073 3672 1124 3706 non
1143 3657 1239 3721 patitur
1255 3673 1314 3708 eum
1329 3658 1433 3707 Medusa

260 3719 317 3770 618.
351 3720 431 3782 saxis]
448 3719 810 3781 saxaenimieceratMedusa,
848 3719 1052 3786 mortqutaiam
1063 3729 1175 3772 mortuus
1189 3731 1234 3772 est.
1271 3723 1364 3773 Weise.

227 3785 349 3851 quidquid
360 3787 515 3851 adspexerat.
551 3785 636 3836 Schol.
881 3785 937 3848 640.
968 3787 1104 3850 mevenit
1115 3787 1204 3849 meleu]
1223 3790 1288 3838 ‘was
1302 3796 1346 3838 too
1358 3787 1433 3854 quick

261 3849 318 3916 619.
352 3851 395 3899 lior
400 3851 527 3914 primum]
543 3851 578 3900 ‘it
590 3867 641 3900 was
652 3849 678 3899 in
690 3849 734 3900 her
744 3851 813 3914 body
846 3849 886 3900 lor
897 3851 960 3901 their
971 3851 1043 3901 sear’.

228 3913 281 3966 first
293 3915 347 3964 that
358 3925 445 3965 nature
460 3916 520 3965 with
536 3916 616 3965 intent
631 3923 657 3965 to
672 3916 743 3965 herm
755 3931 811 3980 pro·
881 3915 938 3978 641.
967 3933 1010 3966 nec
1019 3917 1130 3978 emr'ssae]
1141 3917 1285 3982 equivalent
1297 3925 1325 3968 to
1334 3919 1432 3967 sardan

227 3980 309 4030 duced
321 3979 390 4030 these
402 3979 475 4030 fierce
506 3981 610 4046 lagues'.
847 3981 956 4038 emissae.
970 3983 1069 4032 ‘before
1082 3983 1140 4044 they
1150 3981 1215 4032 have
1227 3983 1271 4032 lest
1283 3983 1327 4033 the
1338 3983 1404 4046 body
1409 3982 1423 4028 '.

260 4043 317 4108 633.
349 3997 811 4159 paumtus‘wvhoploriedinthem'‚
880 4045 936 4108 ⁶4²·
972 4047 1032 4095 solos
1047 4047 1162 4109 furores]
1190 4048 1302 4111 ‘merely
1329 4046 1432 4110 frenas.

227 4125 257 4160 or
271 4109 340 4158 ‘who
361 4110 395 4160 elt
406 4110 520 4175 pleasure
531 4110 557 4159 in
569 4117 579 4159 t
597 4111 634 4159 eir
645 4110 808 4160 movement’.
848 4111 889 4160 ie.
907 4119 951 4161 not
970 4111 1114 4162 immediate
1127 4111 1203 4162 death
1220 4114 1253 4178 by
1265 4115 1366 4178 turning
1380 4113 1432 4162 into

260 4173 318 4238 635.
352 4175 438 4242 depexo
448 4173 527 4236 crine]
547 4175 621 4224 ‘from
637 4175 682 4224 her
695 4175 812 4226 trimmed
847 4183 928 4226 stone.

227 4239 302 4316 hair'.
331 4239 363 4288 ci.
386 4240 435 4290 Ov.
455 4240 489 4289 Α.
508 4240 541 4289 Α.
568 4239 645 4304 1636
666 4241 815 4306 dapemque
880 4239 937 4304 643.
961 4242 1080 4318 ΙΟνρΙιιο]
1096 4241 1128 4292 ci.
1141 4241 1261 4358 νοτὲξὶ.
1275 4243 1364 4308 111463
1381 4241 1432 4292 foll.

228 4305 305 4353 mbae.
849 4307 992 4356 Taenarias
1002 4309 1076 4356 etiam
1080 4307 1177 4372 fauces,

260 4367 316 4430 636.
351 4367 404 4430 hoc]
420 4383 455 4418 sc.
465 4369 507 4418 the
518 4377 630 4433 serpente
641 4369 726 4419 onher
737 4370 812 4419 head.
880 4370 938 4434 644.
971 4371 1048 4433 uida]
1068 4374 1131 4421 ‘saw
1146 4373 1189 4421 the
1205 4372 1304 4437 Hydra,
1318 4373 1392 4422 when
1403 4373 1433 4421 he

228 4433 263 4482 So
275 4431 377 4482 Grotius
387 4433 500 4498 explains
514 4433 643 4510 following
654 4435 697 4484 the
710 4435 812 4486 Scholr
848 4437 990 4501 conquered
1007 4436 1074 4494 her'‚
1086 4437 1131 4486 he.
1148 4437 1260 4488 whereas
1277 4453 1344 4489 noue
1360 4438 1433 4488 oould

226 4497 275 4548 hoc
287 4513 363 4547 unum
375 4505 411 4546 est
424 4499 544 4548 Medusae
552 4500 621 4564 quod
629 4515 732 4565 impune
741 4517 811 4565 spec·
848 4501 908 4550 look
921 4517 954 4550 on
967 4501 1073 4552 Medusa
1084 4503 1134 4551 and
1145 4509 1187 4566 yet
1198 4501 1258 4552 live.
