2966 4948
239 359 300 423 130
361 359 376 393 ·
571 341 757 408 LUCANI
791 339 1110 406 PHARSALIAE

367 507 434 568 iam
457 503 576 568 domiti
599 523 726 568 cessere
749 505 871 568 duces:
902 505 1060 588 pacisque
1082 503 1250 588 petendae

322 618 438 674 auctor
460 607 628 673 damnatis
650 605 795 691 supplex
817 605 978 671 Afranius
1001 607 1111 686 armis,

323 713 535 778 semianimes
558 711 592 776 in
615 720 724 776 castra
745 711 880 777 trahens
903 711 1038 776 hostilia
1059 721 1196 789 sirmas,

324 816 458 882 uictoris
480 815 574 882 stetit
597 826 675 882 ante
696 817 809 900 pedes.
855 826 988 882 seruata
1010 817 1160 902 precanti
1295 833 1363 899 340

325 922 482 986 maiestas
504 940 571 983 non
594 919 700 984 fracta
722 919 828 996 malis,
852 921 1005 1004 interque
1026 921 1170 1005 priorem

325 1024 494 1090 fortunam
516 1045 679 1108 casusque
701 1045 807 1089 nouos
829 1025 914 1108 gerit
936 1025 1049 1089 omnia
1070 1025 1149 1090 uicti

326 1127 385 1192 sed
409 1127 512 1204 ducis,
534 1137 569 1193 et
591 1128 726 1194 ueniam
748 1148 865 1192 securo
887 1135 1023 1210 pectore
1045 1128 1171 1211 poscit:

369 1232 397 1296 si
420 1251 474 1295 me
496 1231 653 1315 degeneri
674 1233 872 1296 strauissent
893 1230 964 1296 fata
984 1231 1047 1296 sub
1069 1229 1174 1311 hoste,

326 1355 393 1399 non
416 1333 531 1398 deerat
553 1333 647 1400 sortis
671 1335 832 1419 rapiendo
854 1335 996 1401 dextera
1016 1335 1103 1400 leto:
1298 1347 1359 1417 345

326 1449 362 1504 at
384 1460 472 1504 nunc
494 1439 566 1503 sola
589 1439 670 1504 mihi
692 1448 745 1505 est
766 1441 913 1506 orandae
935 1461 1036 1506 causa
1057 1441 1173 1506 salutis

326 1543 467 1626 dignum
482 1543 657 1624 donanda,
680 1544 812 1621 Caesar,
835 1553 870 1608 te
890 1546 1025 1610 credere
1047 1545 1124 1610 uita.

327 1665 394 1710 non
416 1646 521 1730 partis
543 1647 663 1712 studiis
685 1647 816 1730 agimur
837 1669 899 1713 nec
918 1649 1124 1732 sumpsimus
1146 1669 1241 1713 arma

327 1748 473 1814 consiliis
495 1748 630 1814 inimica
652 1750 726 1814 tuis.
773 1771 834 1816 nos
856 1751 1001 1834 denique
1023 1749 1149 1816 bellum

327 1853 455 1918 inuenit
477 1853 575 1918 ciuile
596 1853 707 1930 duces
729 1857 916 1938 causaeque
938 1856 1039 1938 priori
1300 1867 1365 1936 350

328 1959 410 2023 dum
433 1959 544 2043 potuit
566 1969 700 2024 seruata
721 1959 814 2025 fides.
859 1959 906 2024 nil
928 1958 998 2024 iata
1020 1980 1206 2024 moramur:
1457 1971 1458 2050 5

328 2064 491 2128 tradimus
516 2064 698 2147 Hesperias
718 2073 838 2148 gentes
859 2065 1027 2148 aperimus
1050 2065 1151 2143 ans,
1457 2053 1458 2062 ³

329 2188 550 2250 securumque
572 2168 663 2232 orbis
685 2167 833 2252 patimur
854 2169 933 2251 post
954 2177 1049 2252 terga
1071 2165 1185 2232 relicti.

330 2293 391 2337 nec
413 2292 511 2338 cruor
530 2272 655 2338 effusus
677 2273 807 2357 campis
826 2272 888 2338 tibi
911 2271 1000 2338 bella
1021 2272 1150 2355 peregit

330 2396 393 2440 nec
415 2373 538 2440 ie'rrum
560 2377 735 2461 lassaeque
754 2395 882 2442 manus.
927 2377 990 2442 hoc
1009 2377 1162 2442 hostibus
1181 2395 1286 2440 unum
1302 2387 1363 2457 355
1457 2357 1458 2486 5

330 2482 423 2563 quod
445 2481 560 2545 uineas
583 2482 719 2565 ignosce
740 2481 818 2545 tuis.
864 2499 925 2545 nec
947 2501 1072 2564 magna
1093 2489 1270 2564 petuntur:

331 2583 402 2648 otia
423 2585 484 2648 des
506 2583 610 2662 sessis,
633 2585 737 2650 uitam
761 2583 899 2667 patiaris
920 2585 1064 2650 inermes

332 2690 455 2774 degere
477 2709 580 2774 quarn
602 2690 739 2755 tribuis:
770 2689 899 2773 campis
920 2699 1088 2774 prostrata
1110 2691 1217 2756 iacere

333 2795 471 2878 agmina
493 2803 607 2858 nostra
630 2803 748 2876 putes:
779 2794 999 2876 nequeenim
1023 2794 1173 2859 felicibus
1195 2793 1297 2860 armis

334 2901 463 2967 misceri
486 2901 646 2964 damnata
668 2897 763 2964 decet
785 2909 983 2984 partemque
1005 2901 1165 2986 triumphi
1306 2901 1367 2982 360

334 3017 451 3092 captos
474 3005 557 3070 serre
579 3006 647 3070 tui:
676 3006 776 3070 turba
798 3004 882 3070 haec
903 2991 963 3070 sua
986 3005 1057 3070 fata
1078 3007 1216 3090 peregit

334 3109 400 3177 hoc
423 3109 568 3194 petimus
590 3110 698 3176 uictos
720 3131 763 3176 ne
784 3119 895 3176 tecum
920 3111 1051 3176 uincere
1072 3130 1183 3193 cogas

283 3267 338 3330 338.
374 3263 520 3314 dammtrs..
525 3263 647 3326 .armis]‘
655 3263 798 3329 desparnng
809 3263 839 3313 05
907 3279 949 3313 nec
964 3262 1124 3328 sumpsimus]
1156 3277 1215 3326 emp
1215 3260 1301 3319 ἶιιιιὶιι
1328 3277 1364 3310 we
1390 3259 1458 3308 werel

249 3346 348 3382 saccas
359 3345 385 3379 ιιι
396 3329 468 3380 war
505 3329 537 3378 ci.
543 3345 603 3408 sup.
619 3343 675 3392 ²¹7
873 3329 1074 3379 marmsbeiore
1085 3328 1128 3378 the
1138 3326 1197 3376 ovrl
1198 3277 1358 3391 pwarbigan.
1457 3327 1458 3392 5

284 3411 340 3461 341.
373 3395 520 3458 interquep
499 3393 622 3458 prior'em]
643 3395 706 3444 ‘aud
721 3395 835 3444 between
908 3409 964 3458 330.
997 3393 1108 3455 inuenit]
1125 3391 1157 3442 es.
1169 3404 1191 3442 ιι
1205 3405 1261 3457 039.

250 3463 289 3512 his
304 3462 397 3511 former
408 3460 506 3509 fortune
520 3459 571 3508 and
586 3459 626 3509 his
642 3475 698 3510 new
714 3459 833 3524 mishsps,
909 3475 964 3524 33ι.
992 3457 1162 3522 securumque]
1179 3473 1214 3508 sc
1222 3465 1310 3514 uuae,
1320 3443 1458 3542 mutave}

250 3527 305 3578 he
299 3543 325 3576 m
341 3526 376 3575 all
394 3525 477 3590 things
493 3531 546 3574 acts
566 3523 609 3574 the
628 3533 692 3612 pust
698 3523 728 3574 05
741 3542 758 3574 ιι
776 3540 834 3575 000-
875 3525 934 3574 thee
956 3523 1006 3574 hee
1029 3524 1093 3574 from
1109 3523 1212 3588 anxiety
1228 3524 1307 3572 about
1325 3521 1367 3572 the
1383 3515 1458 3584 quar

250 3593 422 3658 queredman.
434 3587 701 3654 butstillegeneral’.
875 3597 913 3640 ter
935 3589 965 3639 05
982 3591 1025 3639 the
1051 3589 1131 3640 world
1149 3588 1204 3638 that
1223 3589 1285 3638 thou
1309 3588 1365 3637 dost
1385 3585 1458 3642 leuve

267 3675 340 3773 343.
367 3657 411 3706 scd
418 3655 497 3717 ducar]
513 3655 655 3720 eqmvalent
666 3664 693 3705 to
702 3656 745 3705 sed
752 3663 836 3705 tamen
875 3655 970 3706 behind
982 3653 1060 3704 thee
1094 3655 1124 3704 cl.
1138 3653 1218 3719 1369.
1457 3633 1458 3702 l

909 3733 966 3798 355
999 3721 1044 3769 doc
1057 3721 1165 3770 hostibus
1179 3718 1297 3781 unum1¹
1306 3717 1397 3784 pardou
1409 3714 1458 3788 thy

267 3739 341 3851 343.
392 3786 502 3862 prendo]
536 3785 603 3836 Oud.
623 3785 654 3836 05
675 3785 733 3836 Vel.
751 3786 836 3837 Flacc.
876 3802 986 3836 coemes
996 3786 1046 3835 this
1056 3786 1159 3850 solitary
1168 3783 1341 3846 crime—that,
1353 3765 1458 3852 thermi

252 3865 281 3904 vl
297 3869 340 3921 191
355 3852 476 3928 rqpitr'lle
486 3867 573 3901 necem.
875 3849 1035 3917 conqueror'.

253 3933 347 4034 calli}
358 3916 838 4046 ai‘adt‘ldtlfflthltlt
876 3917 968 4032 ..555
983 3917 1098 4047 stit}
1106 3913 1246 4032 55555
1260 3885 1458 4042 tillidi?

253 4049 296 4100 the
307 4047 430 4098 infinitive
440 4047 473 4097 ci.
485 4063 553 4111 supr.
566 4049 622 4097 280.
878 4056 923 4114 put
934 4048 1003 4099 them
1020 4055 1064 4098 out
1075 4047 1105 4098 05
1116 4053 1232 4104 ιιοοιιιιῖ,
1248 4063 1277 4096 as
1293 4045 1458 4136 5555030003

287 4115 342 4179 3.48
376 4129 427 4162 non
440 4112 565 4177 partor
569 4129 607 4162 we
624 4127 667 4162 are
682 4119 726 4163 not
737 4113 839 4164 humed
878 4115 950 4164 dead.

253 4195 324 4242 away
343 4179 373 4242 b>
399 4187 481 4243 party
483 4176 575 4243 spmt
616 4179 667 4228 For
689 4179 732 4229 the
748 4194 792 4230 use
813 4179 842 4228 05
912 4179 968 4243 3.60
1001 4179 1133 4241 mnemia]
1161 4177 1193 4227 05.
1215 4189 1325 4244 νιι409
1343 4123 1458 4246 dammi

249 4253 312 4309 pars
328 4243 355 4293 in
396 4243 543 4308 esingular
563 4243 594 4293 05.
614 4243 670 4293 Cic.
688 4252 746 4308 post
766 4245 838 4294 redit.
878 4195 926 4293 diu
934 4245 1056 4294 Romanis
1065 4243 1229 4308 Allr'ofastis.

254 4311 288 4360 ad
305 4309 423 4370 Quiricfi
439 4323 467 4373 ι3
484 4325 540 4358 cum
556 4309 666 4358 uiderem
681 4326 711 4358 ex
726 4326 755 4359 ea
767 4317 841 4386 pqrr‘e
904 4307 968 4387 35ι.
997 4309 1103 4375 peregit]
1128 4307 1159 4358 05.
1179 4308 1257 4373 Verg.
1279 4309 1344 4359 Aen.
1365 4319 1391 4356 lv
1405 4279 1458 4368 6535

255 4373 373 4427 homines,
395 4374 468 4421 cuius
484 4374 569 4437 pardis
591 4390 635 4424 nos
656 4376 697 4423 uel
711 4375 840 4440 principes
878 4375 938 4424 uixi
963 4381 987 4426 et
1009 4391 1080 4441 quem
1107 4374 1208 4424 dederat
1233 4390 1334 4424 cursum
1353 4373 1442 4438 sorim
1457 4393 1458 4438 5

254 4437 458 4489 uunurabamur.
873 4442 965 4505 peregi.
