2944 4948
212 370 271 434 166
540 371 726 438 LUCANI
760 369 1078 438 PHARSALIAE

292 537 457 601 nescimus
480 537 573 602 cuius
596 537 727 602 sceleris
749 537 793 601 sit
816 537 967 602 maxima
990 539 1138 603 merces?

292 638 338 703 nii
361 648 474 704 actum
497 649 549 704 est
571 640 669 704 bellis
691 641 719 704 si
742 639 893 704 nondum
916 641 1079 724 comperit
1101 642 1181 706 istas

292 746 405 810 omnia
427 765 526 829 posse
549 766 676 811 manus.
721 765 782 810 nec
805 745 855 810 ias
878 765 939 810 nec
961 745 1095 810 uincula
1117 747 1196 812 iuris

292 847 355 912 hoc
378 851 501 914 audere
523 858 647 914 uetant.
695 849 805 914 Rheni
829 849 910 914 mihi
934 849 1059 916 Caesar
1081 851 1115 915 in
1137 851 1236 916 undis

292 953 364 1016 dux
380 961 459 1030 erat,
475 952 529 1018 hic
543 952 660 1016 socius
706 952 833 1018 facinus
849 975 933 1038 quos
948 955 1103 1038 inquinat
1116 965 1249 1041 aequat.
1264 974 1332 1040 290

292 1059 380 1124 adde
402 1060 492 1143 quod
516 1060 647 1144 ingrato
671 1061 864 1125 meritorum
888 1061 996 1126 iudice
1018 1063 1125 1128 uirtus

292 1172 406 1228 nostra
428 1165 521 1246 perit
566 1163 728 1248 quidquid
752 1165 899 1248 gerimus
922 1164 1054 1230 fortuna
1078 1176 1225 1233 uocatur.

292 1287 353 1331 nos
377 1265 482 1330 iatum
506 1267 590 1332 sciat
612 1289 684 1332 esse
707 1289 810 1332 suom.
857 1268 934 1334 iicet
956 1289 1057 1334 omne
1079 1273 1218 1337 deorum

293 1371 490 1454 obsequium
514 1391 644 1454 speres:
674 1372 759 1436 irato
782 1372 897 1450 milite,
920 1373 1052 1453 Caesar,

290 1495 362 1559 pax
385 1476 453 1540 erit.
498 1475 580 1540 haec
603 1474 699 1554 fatus,
723 1477 804 1541 totis
826 1477 1009 1541 discurrere
1032 1477 1148 1544 castris
1264 1497 1327 1565 295

293 1589 447 1663 coeperat
470 1578 658 1663 infestoque
680 1581 800 1644 ducem
824 1580 1003 1664 deposcere
1025 1581 1128 1646 uoltu.

335 1684 382 1747 sic
405 1691 469 1760 eat,
491 1703 512 1746 o
535 1682 654 1765 superi,
677 1681 813 1765 quando
836 1683 1010 1766 pietasque
1033 1683 1183 1767 fidesque

293 1788 480 1852 destituunt
503 1807 678 1871 moresque
701 1787 809 1852 malos
831 1808 964 1870 sperare
987 1788 1138 1853 relictum
1162 1796 1232 1868 est;

292 1894 393 1958 finem
416 1891 505 1956 ciuili
528 1892 629 1957 faciat
649 1893 816 1956 discordia
838 1891 935 1956 bello.

292 2018 392 2083 quem
415 2014 482 2061 non
506 1995 560 2060 ille
583 1998 702 2061 ducem
726 1998 836 2081 potuit
858 2006 982 2061 terrere
1003 1997 1190 2062 tumultus?
1267 2015 1332 2080 300

292 2103 363 2169 sata
385 2104 444 2168 sed
468 2103 500 2166 in
524 2122 684 2186 praeceps
707 2101 824 2166 solitus
847 2102 1025 2166 demittere
1048 2101 1174 2166 Caesar

292 2209 527 2292 fortunamque
549 2227 644 2280 suam
667 2227 727 2290 per
748 2225 881 2270 summa
903 2204 1050 2289 pericula
1071 2205 1223 2290 gaudens

293 2333 447 2393 exercere
470 2313 579 2378 uenit:
610 2333 671 2376 nec
694 2311 775 2376 dum
798 2311 969 2376 desaeuiat
993 2312 1041 2375 ira

292 2427 484 2502 exspectat:
515 2416 643 2481 medios
666 2425 822 2501 properat
845 2426 1010 2498 temptare
1032 2415 1165 2480 furores.

293 2541 359 2586 non
384 2521 448 2586 illis
471 2521 569 2586 urbes
591 2521 832 2605 spoliandaque
855 2520 983 2604 templa
1006 2528 1160 2604 negasset
1265 2532 1326 2600 305

293 2627 538 2710 Tarpeiamque
563 2625 653 2689 Iouis
676 2625 789 2689 sedem
813 2619 1002 2708 matresque
1025 2633 1159 2690 senatus

291 2749 513 2812 passurasque
536 2729 672 2792 infanda
696 2747 804 2790 nurus.
849 2727 921 2791 uolt
944 2729 1057 2792 omnia
1079 2735 1168 2792 certe

293 2853 371 2895 ase
394 2851 495 2895 saeua
517 2833 595 2914 peti,
618 2830 690 2894 uolt
713 2831 862 2914 praemia
885 2831 1004 2894 Martis
1027 2832 1149 2895 amari:

292 2934 407 2998 militis
430 2934 583 2999 indomiti
607 2943 740 2998 tanturn
763 2955 858 2998 mens
881 2953 963 2998 sana
985 2933 1129 2999 timetur.

293 3061 359 3104 non
384 3041 488 3123 pudet
510 3039 584 3115 heu,
609 3038 740 3114 Caesar,
763 3038 824 3102 soli
847 3038 908 3102 tibi
932 3037 1020 3102 bella
1042 3037 1173 3122 placere
1264 3055 1330 3120 310

292 3145 359 3208 iarn
383 3143 538 3208 manibus
560 3143 722 3208 damnata
745 3142 834 3206 tuis'?
864 3143 927 3206 hos
950 3153 1029 3208 ante
1052 3143 1181 3226 pigebit

292 3248 487 3334 sanguinis?
517 3247 569 3312 his
592 3247 668 3312 ferri
689 3252 792 3332 g'raue
814 3248 865 3312 ius
888 3248 972 3312 erit?
1003 3249 1075 3332 ipse
1097 3269 1157 3332 per
1179 3268 1281 3314 omne

239 3433 294 3486 086.
327 3435 399 3486 cuius
412 3434 514 3496 scelen's]
529 3434 573 3484 ie.
590 3433 633 3484 the
649 3434 749 3484 murder
765 3433 795 3484 os
830 3441 887 3500 part
897 3434 926 3484 oi
934 3435 977 3484 the
988 3433 1099 3485 soldiers.

206 3503 307 3564 Caesar,
320 3501 385 3552 their
395 3517 452 3550 own
463 3501 555 3550 leader.
864 3503 920 3566 298.
948 3501 1096 3563 destituunt]
1109 3501 1160 3551 For
1167 3500 1212 3552 the
1220 3502 1328 3553 absence
1337 3503 1368 3554 oi
1375 3505 1415 3554 the

239 3570 295 3631 087.
329 3565 450 3631 compm't]
462 3567 507 3615 i.e.
520 3565 588 3614 miles
599 3567 644 3630 qui
653 3565 788 3630 bellagm't.
830 3565 913 3630 object
924 3567 956 3616 ci.
968 3575 1027 3617 note
1036 3583 1070 3616 on
1083 3579 1104 3616 11
1119 3570 1175 3630 708.

238 3633 310 3694 istas]
325 3633 405 3682 ‘these
416 3632 496 3681 hands
508 3631 536 3680 oi
544 3631 603 3680 his’.
864 3647 920 3696 30¹·
949 3633 978 3680 in
984 3639 1099 3698 praecqps
1109 3633 1247 3695 demittere]
1261 3636 1301 3684 ‘to
1311 3643 1415 3686 venture
1457 3653 1458 3662 ¹

240 3701 295 3749 088.
330 3714 373 3748 nec
391 3697 437 3762 sas
464 3713 507 3746 nec
528 3697 633 3745 uincula
655 3696 731 3759 iuris]
758 3695 790 3747 ci·
830 3697 884 3746 into
900 3697 943 3747 the
960 3706 1053 3748 utmost
1069 3697 1153 3763 peril’,
1169 3715 1186 3748 a
1202 3701 1336 3776 metaphor
1352 3701 1414 3750 from
1457 3717 1458 3750 1

206 3765 280 3829 Verg.
294 3763 327 3814 G.
340 3775 349 3811 1
362 3762 459 3827 269sas
470 3768 493 3812 et
502 3763 561 3811 iura
572 3763 670 3810 sinunt.
830 3763 874 3812 the
885 3778 967 3822 arena,
982 3763 1012 3812 cf.
1028 3763 1081 3813 Cic.
1097 3765 1129 3813 sd
1145 3763 1206 3813 farn.
1221 3776 1241 3812 x
1253 3765 1320 3825 mii&
1333 3783 1348 3816 0
1360 3784 1413 3816 cuns
1457 3811 1458 3828 2

240 3845 294 3894 291.
330 3829 438 3892 ingrato]
462 3829 519 3877 ‘our
546 3827 633 3877 valour
654 3827 676 3876 is
697 3827 791 3877 wasted
831 3829 860 3878 in
870 3844 926 3877 mm
937 3844 1021 3877 casum
1031 3845 1068 3879 me
1070 3829 1413 3893 fortunademirissetutdrc.
1457 3847 1458 3852 ¹

206 3895 314 3959 through
326 3894 368 3944 the
379 3893 529 3958 ingratitudo
540 3893 568 3942 oi
577 3893 629 3942 him
637 3893 693 3942 uho
702 3893 791 3958 judges
830 3893 1087 3958 Oud.ci.1d.1xi3
1103 3911 1159 3944 cum
1175 3911 1215 3946 me
1230 3897 1259 3945 in
1276 3913 1313 3946 res
1329 3899 1415 3947 turbu·
1457 3905 1458 3908 ’

205 3976 251 4010 our
261 3957 387 4017 seruices'.
830 3960 979 4009 missimus
990 3960 1169 4025 infidelissimis
1178 3963 1249 4012 sociis
1259 3963 1414 4014 demisissem.
1457 4009 1458 4016 ,

207 4023 478 4141 wiiie'siii‘ii'i]
491 4023 538 4073 ’Μ
553 4024 790 4075 ⁰³⁸⁵²¹¹⁸²¹¹⁸¹¹²t
830 4026 1105 4140 mittamini}
1131 4025 1230 4141 iiiid
1252 4027 1371 4093 ΜΨ
1390 4046 1415 4079 ²⁵
1457 4027 1458 4120 ἶ

239 4171 309 4206 omne
329 4105 557 4216 demm1y‘entire
581 4155 736 4220 compliance
758 4169 791 4204 on
864 4108 921 4220 {⁰7-
955 4155 1090 4218 numr]ci.
1103 4107 1234 4206 irbieoiu
1249 4157 1300 4221 165.
1457 4193 1458 4216 1

208 4221 251 4271 the
262 4227 318 4286 part
329 4221 358 4270 oi
365 4219 480 4273 beaven’.
863 4235 920 4285 311·
954 4223 1079 4284 manibus]
1096 4238 1130 4272 sc.
1149 4224 1283 4280 miltiibus.
1297 4222 1332 4273 cf.
1350 4241 1414 4291 supr.
1457 4223 1458 4264 i

241 4298 297 4352 097.
330 4284 680 4348 siceat]cs.noteon113o4.
831 4299 887 4350 050.
1457 4271 1458 4312 i

241 4349 351 4414 quando]
366 4350 445 4398 ‘since
461 4349 556 4413 loyalty
570 4349 620 4398 and
636 4350 733 4399 honour
748 4349 791 4399 fail
863 4365 919 4413 31²·
953 4351 994 4400 his
1006 4352 1075 4415 ferri
1087 4368 1168 4416 grosse
1184 4353 1227 4402 ius
1243 4353 1321 4415 mii]
1340 4357 1414 4407 ‘shall

1457 4313 1458 4368 i

210 4431 248 4474 us,
267 4415 318 4462 and
336 4413 370 4462 ali
387 4429 425 4462 we
442 4414 506 4463 have
524 4415 568 4464 leit
587 4421 613 4464 to
631 4415 697 4479 hope
714 4416 753 4464 ior
770 4416 791 4465 is
830 4416 873 4466 the
891 4416 983 4466 iicense
1001 4418 1030 4466 os
1044 4417 1087 4467 the
1106 4419 1190 4467 swerd
1209 4419 1242 4469 be
1258 4421 1378 4484 grievous
1392 4425 1416 4472 in

211 4475 384 4539 wickedness',
406 4477 445 4529 ie.
467 4478 679 4531 insubordination
696 4497 729 4530 on
748 4481 791 4532 the
830 4481 895 4532 their
907 4481 991 4547 eyes?
1004 4482 1045 4532 ie.
1058 4497 1148 4534 sooner
1159 4483 1357 4550 thaninyouxs.
