2944 4948
233 351 293 413 186
565 348 751 416 Lucam
784 311 1101 414 rnnnsnnma

313 511 471 578 occulere.
515 512 580 578 heu
605 521 768 595 quantum
793 519 923 576 mentes
945 511 1137 578 dominatur
1159 513 1193 578 in
1216 533 1343 598 aequas

314 618 402 682 iusta
425 619 548 682 Venus.
594 617 734 682 dubium
757 618 993 700 trepidumque
1016 618 1058 682 ad
1082 617 1217 702 proelia,
1240 619 1371 702 Magne,

312 732 347 788 te
369 742 500 807 quoque
522 723 600 788 fecit
623 743 734 788 amor:
764 725 855 806 quod
880 723 986 788 nolles
1009 733 1097 789 stare
1120 725 1183 789 sub
1206 727 1273 791 ictu

315 829 483 893 Fortunae
505 849 573 912 quo
595 829 740 892 mundus
763 838 835 893 erat
858 829 1080 913 Romanaque
1102 830 1173 895 iata
1286 845 1350 912 730

314 935 462 999 coniunx
485 934 558 1000 sola
580 933 650 998 fuit
696 941 844 998 mentem
868 935 935 998 iam
959 935 1062 1000 uerba
1084 945 1236 1019 paratam

314 1039 511 1114 destituunt,
533 1036 743 1120 blandaeque
766 1037 859 1102 iuuat
883 1046 1023 1103 uentura
1045 1039 1233 1104 trahentem

315 1142 486 1226 indulgere
508 1163 622 1206 morae
644 1151 679 1214 et
700 1151 835 1226 tempus
858 1143 1042 1208 subducere
1064 1144 1148 1208 fatis.

314 1257 412 1312 nocte
433 1249 496 1312 sub
518 1255 672 1312 extrema
693 1245 792 1331 pulso
814 1248 949 1331 torpore
971 1249 1092 1331 quietis

313 1351 395 1415 dum
418 1351 511 1416 souet
533 1350 692 1434 amplexu
716 1350 894 1434 grauidum
919 1349 1074 1416 Cornelia
1096 1353 1182 1417 curis
1286 1367 1345 1436 735

314 1465 430 1540 pectus
453 1465 487 1520 et
509 1455 617 1520 auersi
640 1455 726 1538 petit
748 1453 864 1520 oscula
885 1465 983 1540 grata
1006 1459 1133 1523 mariti:

315 1562 459 1626 umentis
482 1562 602 1624 mirata
623 1581 727 1644 genas
750 1581 972 1646 percussaque
994 1583 1095 1627 caeco

314 1664 458 1742 uolnere,
482 1653 549 1728 non
573 1665 675 1729 audet
698 1663 834 1730 flentem
858 1666 1066 1750 deprendere
1088 1668 1263 1750 Magnum.

314 1765 370 1832 ille
391 1788 539 1851 gemens,
561 1767 632 1832 uita
655 1789 722 1832 non
746 1789 835 1833 nunc
857 1769 938 1834 rnihi
962 1771 1097 1846 dulcior,
1121 1772 1239 1855 inquit,

314 1891 391 1935 cum
413 1873 528 1936 taedet
551 1873 649 1948 uitae,
672 1871 761 1937 laeto
784 1873 842 1938 sed
866 1883 1027 1958 tempore,
1050 1873 1208 1952 coniunx,
1287 1889 1348 1957 740

314 1976 407 2039 uenit
431 1984 559 2040 maesta
581 1975 653 2039 dies
676 1985 710 2040 et
733 1995 834 2059 quam
856 1977 1064 2061 nimiumque
1086 1999 1273 2063 parumque

314 2080 522 2146 distulimus:
553 2083 619 2146 iarn
644 2091 736 2147 totus
758 2083 854 2147 adest
878 2085 911 2146 in
935 2085 1061 2166 proelia
1086 2083 1218 2150 Caesar.

314 2186 502 2249 cedendum
525 2195 576 2250 est
598 2185 714 2250 bellis:
745 2205 887 2269 quorum
911 2186 973 2250 tibi
996 2195 1070 2251 tuta
1092 2187 1221 2253 latebra

315 2289 444 2354 Lesbos
467 2288 538 2352 erit.
583 2287 706 2352 desiste
728 2309 843 2373 preces
865 2299 1051 2372 temptare:
1082 2293 1202 2374 negaui

315 2394 382 2458 iarn
405 2393 506 2458 mihi:
537 2413 605 2458 non
629 2393 748 2477 longos
771 2415 792 2458 a
814 2415 869 2459 me
891 2397 1019 2478 patiere
1042 2417 1197 2462 recessus.
1287 2411 1345 2479 745

313 2498 511 2581 praecipites
535 2499 677 2563 aderunt
700 2519 817 2565 casus:
847 2510 1049 2584 properante
1071 2503 1167 2567 ruina

313 2621 446 2665 summa
468 2601 601 2666 cadunt.
647 2604 728 2666 satis
751 2611 802 2668 est
825 2605 958 2668 audisse
980 2606 1127 2688 pericula
1151 2605 1289 2690 Magni:
1452 2651 1453 2710 ἶ

314 2725 433 2788 meque
455 2713 533 2768 tuus
556 2705 688 2790 decepit
710 2725 806 2770 amor
827 2706 1048 2797 ciuiliaubella
1452 2711 1453 2790 l

313 2811 341 2874 si
364 2819 515 2893 spectare
537 2819 642 2894 potes.
689 2831 768 2876 narn
792 2832 846 2876 me
869 2811 936 2876 iam
960 2813 1071 2878 Marte
1094 2823 1212 2897 parato
1452 2819 1453 2822 ’

313 2933 446 2978 securos
468 2915 596 2998 cepisse
618 2915 724 2998 pudet
746 2935 823 2980 curn
846 2918 988 3000 coniuge
1010 2938 1155 2996 somnoS,
1287 2931 1347 3002 750

313 3038 398 3101 eque
420 3027 489 3096 tu0,
512 3020 669 3084 miserum
692 3020 849 3103 quatiunt
871 3041 948 3086 cum
971 3020 1110 3087 classica
1133 3024 1307 3099 mundum,

261 3276 316 3328 727.
350 3281 378 3316 ae
394 3265 544 3328 uas]bonas,
554 3264 613 3329 pias
630 3264 747 3315 Grotius:
767 3265 812 3315 but
854 3265 962 3330 Magnus
978 3265 1004 3316 in
1021 3265 1065 3317 the
1081 3273 1121 3317 act
1138 3266 1168 3316 of
1180 3265 1354 3333 weeping¹‚ci
1368 3267 1418 3318 sur.

228 3333 247 3382 it
265 3331 346 3396 might
388 3347 416 3380 so
435 3331 468 3380 be
485 3331 562 3380 taken
582 3344 610 3378 as
625 3330 769 3395 equivalent
786 3338 813 3380 to
853 3331 934 3381 Theb.
951 3344 1114 3396 11337—339
1130 3334 1243 3398 quotiens
1260 3334 1318 3382 haer
1331 3349 1371 3383 ora
1384 3347 1418 3380 na·

206 3399 370 3457 'contentis
392 3397 433 3446 i.e.
460 3394 588 3460 generally
610 3395 675 3458 firm,
695 3395 726 3446 ci.
747 3397 811 3446 Hor.
852 3403 907 3446 tare
916 3397 1021 3462 fletibus
1038 3405 1060 3446 et
1079 3415 1184 3462 magnas
1203 3400 1326 3448 latrantia
1339 3405 1418 3463 pectem

228 3479 304 3514 carm.
319 3474 341 3512 ιι
354 3461 381 3511 ἰίἰ
395 3478 417 3512 1.
852 3477 926 3511 curas
936 3463 1035 3512 admota
1046 3463 1164 3527 deprendo
1176 3481 1265 3515 mnu.

263 3529 317 3590 728.
354 3527 431 3589 iusta]
469 3525 611 3591 equivalent
639 3532 666 3576 to
694 3526 814 3590 legitimus,
888 3542 943 3593 739.
978 3529 1034 3577 uria
1054 3545 1104 3578 mn
1124 3529 1205 3591 nunc]
1228 3531 1326 3579 ‘dearer
1346 3537 1370 3578 to
1388 3543 1418 3576 rue

229 3593 325 3643 ‘lawdul
337 3592 414 3642 love’.
450 3591 586 3705 cs.1137p.
853 3593 914 3642 than
934 3593 984 3654 lile,
1003 3593 1015 3642 I
1034 3610 1080 3708 sap
1096 3603 1140 3644 not
1158 3611 1217 3643 now
1234 3596 1309 3646 when
1326 3593 1365 3644 life
1380 3593 1419 3642 iss

262 3671 317 3725 729.
353 3657 429 3722 quod]
444 3657 465 3706 is
477 3657 520 3706 the
532 3673 558 3706 re
569 3658 644 3714 ative,
659 3657 715 3706 ‘the
726 3671 815 3706 reason
853 3659 950 3708 burden
963 3667 1050 3720 tome,
1082 3659 1272 3709 utintimesol
1283 3657 1417 3724 happiness'.

228 3724 286 3788 why
297 3739 345 3788 you
357 3738 422 3772 were
433 3721 585 3787 unwilling'‚
597 3721 628 3772 ci.
643 3731 702 3772 note
715 3738 748 3772 on
761 3735 770 3771 1
783 3737 815 3783 ²4
888 3736 943 3787 741·
979 3725 1103 3786 nimium]
1120 3725 1151 3774 ad
1166 3725 1227 3774 belli
1244 3726 1375 3784 rationem
1386 3733 1418 3790 pr·

219 3790 278 3838 'Ver
297 3823 303 3836 .
322 3790 386 3838 Aen.
406 3799 427 3836 11
450 3789 504 3850 180,
525 3787 625 3838 Lucret.
642 3799 672 3836 ιν
686 3789 733 3848 885
753 3787 815 3838 with
854 3805 921 3847 rum,
934 3789 966 3839 ad
979 3789 1105 3840 affectum.
1141 3791 1278 3841 Scholiast.

227 3855 266 3904 Dr
307 3853 469 3903 unro’snote.
888 3866 941 3919 742.
975 3855 1052 3917 tonas]
1071 3856 1145 3904 ‘with
1162 3855 1197 3905 all
1214 3855 1254 3906 his
1270 3856 1355 3917 force'‚
1368 3855 1393 3904 ci.
1405 3865 1418 3902 11

261 3919 304 3968 sub
315 3918 375 3980 ictu]
390 3917 511 3981 ‘exposed
523 3924 550 3968 to
561 3916 680 3968 fortune’s
691 3917 758 3967 blow
766 3915 781 3966 ’.
853 3922 910 3984 485.
943 3919 1008 3969 Hor.
1021 3937 1098 3971 carm.
1112 3933 1121 3970 1
1134 3921 1175 3970 xix
1187 3935 1203 3986 9
1214 3923 1244 3971 in
1256 3939 1294 3972 me
1304 3929 1353 3971 tota
1363 3936 1421 3970 ruens

263 3997 318 4049 73²·
352 3983 501 4048 blandaeque
520 3983 604 4045 iuuat]
624 3983 769 4048 ‘indulging
788 3983 814 4034 in
859 3985 948 4035 Venus.

228 4049 352 4114 tempring
362 4049 436 4113 delay
447 4057 474 4098 to
485 4055 530 4113 pul
542 4048 580 4098 off
585 4049 652 4099 what
660 4056 727 4098 must
735 4065 813 4108 come,
887 4061 942 4114 744.
972 4051 1062 4115 negaui
1071 4051 1123 4100 clam
1135 4051 1211 4114 mila]
1225 4051 1253 4100 ‘1
1265 4052 1329 4102 have
1339 4050 1422 4112 already

228 4116 279 4165 and
290 4115 353 4164 steal
364 4130 434 4163 some
444 4121 568 4164 moments
579 4114 643 4164 from
655 4113 774 4178 destiny'.
853 4116 907 4164 said
917 4117 964 4165 ‘no
971 4115 977 4136 ’
985 4123 1012 4165 to
1021 4115 1121 4181 myseli’
1131 4133 1166 4166 sc.
1177 4118 1288 4182 cupienti
1297 4125 1319 4166 te
1327 4119 1421 4166 retinere.

263 4177 318 4244 736.
353 4177 447 4240 auersi]
472 4181 542 4229 ‘who
565 4187 634 4230 turns
656 4195 728 4245 away
750 4179 815 4230 from
887 4192 941 4244 747.
972 4182 1082 4244 summa]
1094 4181 1125 4232 ci.
1139 4194 1147 4232 1
1163 4195 1195 4246 70
1206 4185 1356 4248 summisque
1366 4198 1422 4244 ns*

229 4245 294 4296 her’.
853 4252 907 4294 tum
919 4253 984 4295 stare
993 4247 1045 4296 diu.

174 4377 176 4382 Α
229 4307 426 4422 bdellium]
441 4307 482 4358 ie.
499 4309 583 4360 whose
597 4325 671 4360 cause
687 4310 814 4360 isbidden
852 4377 878 4424 in
887 4313 952 4425 722}
961 4327 1047 4426 pgzqeuz
1048 4311 1122 4426 m]
1131 4313 1162 4426 ἐξ
1174 4311 1423 4430 1ιέᾝὲἔὲιῖ

265 4439 321 4502 738.
346 4437 451 4501 stentem
478 4437 631 4502 deprendere]
663 4441 701 4490 ‘to
730 4439 811 4490 detect
852 4393 1016 4507 speyetacleos
1025 4442 1083 4493 civil
1094 4395 1183 4492 war'.y
