2966 4948
207 338 267 402 126
537 338 722 412 LUCANI
756 338 1075 404 PHARSALIAE

289 497 487 565 confirmant
509 501 585 566 ictu.
631 500 851 565 sementiam
875 511 985 567 castra
1007 504 1154 568 tumultu
1261 521 1329 586 250

291 603 338 688 [et
360 605 520 670 scelerum
545 605 659 670 turba:
686 606 861 690 rapiuntur
881 607 970 672 colla
992 609 1192 693 parentum]

290 731 328 775 ac
351 709 444 774 uelut
466 709 633 774 occultum
657 721 772 794 pereat
795 711 905 776 scelus
927 713 1042 778 omnia
1065 723 1214 779 monstra

289 813 465 878 infaciem
488 833 629 896 posuere
651 814 793 880 ducum:
824 817 918 880 iuuat
940 837 1014 880 esse
1038 817 1197 882 nocentis.

332 926 368 981 tu
392 917 516 982 Caesar
537 918 690 1000 quamuis
713 919 876 1001 spoliatus
899 919 1006 984 milite
1028 920 1135 984 multo

289 1022 443 1104 agnoscis
462 1041 606 1104 superos.
653 1023 871 1103 nequeenim
891 1023 953 1087 tibi
973 1023 1080 1088 maior
1098 1025 1131 1088 in
1151 1025 1241 1090 aruis
1260 1039 1301 1107 25
1307 1041 1324 1106 5

291 1125 457 1188 Emathiis
480 1124 614 1190 lortuna
637 1125 709 1203 luit,
732 1147 794 1190 nec
818 1127 985 1192 Phocidos
1008 1128 1107 1193 undis

291 1226 469 1303 Massiliae,
495 1227 616 1292 Phario
638 1249 699 1292 nec
723 1237 856 1294 tantum
880 1239 932 1294 est
955 1251 1101 1314 aequore
1122 1241 1266 1316 gestum.

288 1329 352 1394 hoc
374 1331 539 1414 siquidem
562 1331 636 1396 solo
658 1331 766 1396 ciuilis
789 1333 927 1398 crimine
948 1333 1029 1398 belli

288 1435 361 1500 dux
384 1455 504 1500 causae
527 1433 672 1499 melioris
694 1436 766 1502 eris.
811 1435 943 1519 polluta
966 1437 1113 1502 nefanda

287 1539 424 1622 agmina
446 1539 549 1603 caede
570 1540 672 1604 duces
695 1541 817 1604 iunctis
839 1541 1051 1606 committere
1072 1542 1190 1606 castris
1261 1545 1327 1608 260

289 1663 356 1707 non
379 1643 515 1720 audent,
537 1642 693 1726 altaeque
714 1645 759 1708 ad
782 1645 917 1709 moenia
939 1665 1051 1710 rursus
1076 1645 1207 1710 Ilerdae

288 1749 461 1812 intendere
482 1747 605 1831 lugam.
651 1766 789 1832 campos
812 1770 913 1832 eques
936 1751 1056 1816 obuius
1077 1771 1194 1815 omnes

288 1850 425 1916 abstulit
447 1859 482 1916 et
503 1851 599 1916 siccis
622 1851 756 1917 inclusit
778 1853 919 1918 collibus
941 1854 1082 1920 hostem.

287 1965 368 2020 tunc
390 1955 506 2037 inopes
529 1955 640 2022 undae
662 1966 843 2041 praerupta
864 1957 997 2042 cingere
1019 1959 1109 2023 fossa

287 2057 413 2123 'Caesar
435 2067 514 2122 auct
537 2077 599 2122 nec
621 2069 731 2123 castra
752 2060 822 2142 pati
846 2062 1040 2144 contingere
1062 2062 1160 2145 ripas,
1260 2062 1320 2143 265

288 2171 346 2228 aut
369 2163 492 2227 circum
515 2163 627 2247 largos
649 2166 779 2230 curuari
802 2165 957 2231 bracchia
981 2167 1100 2232 sontes.

332 2276 369 2330 ut
391 2265 449 2330 leti
473 2267 586 2332 uidere
609 2269 699 2332 uiam
722 2289 903 2334 conuersus
925 2271 958 2334 in
982 2272 1064 2334 iram
1120 2307 1121 2312 κ

288 2372 506 2456 praecipitem
529 2373 631 2436 timor
652 2383 711 2438 est.
758 2374 853 2438 miles
876 2395 943 2439 non
967 2375 1048 2439 utile
1070 2375 1192 2439 clausis

288 2476 452 2540 auxilium
477 2479 639 2542 mactauit
662 2499 784 2562 equos:
813 2478 1020 2562 tandemque
1041 2487 1177 2542 coactus

290 2601 349 2663 spe
372 2582 483 2662 posita
505 2581 666 2646 damnare
689 2581 802 2664 sugam
826 2603 962 2646 casurus
985 2583 1018 2646 in
1042 2581 1155 2646 hostes
1260 2599 1324 2664 270

289 2684 398 2748 fertur.
445 2693 481 2747 ut
505 2683 610 2747 effuso
634 2684 758 2749 Caesar
780 2685 954 2749 decurrere
976 2707 1075 2768 passu

288 2787 373 2850 uidit
395 2797 429 2850 et
452 2789 495 2851 ad
518 2797 643 2851 certam
667 2789 969 2878 deuotostenderc
993 2801 1153 2854 mortem:

287 2892 355 2955 tela
377 2899 455 2956 tene
477 2893 553 2966 iam,
578 2890 682 2969 miles,
704 2893 760 2966 ait,
784 2893 973 2976 ferrumque
996 2894 1103 2958 ruenti

235 3071 290 3120 251.
315 3055 468 3117 etscelemm]
490 3055 783 3106 Thislineisomittedin
823 3055 883 3105 such
902 3069 934 3104 an
953 3055 1114 3120 advantage’‚
1133 3057 1178 3106 ie.
1198 3073 1226 3106 as
1246 3057 1346 3122 putting
1365 3058 1409 3107 the

202 3121 378 3238 manyelngSqt
393 3121 436 3170 the
447 3120 579 3235 reldthlon
587 3119 615 3170 oi
623 3121 784 3236 scelqsiprplhe
822 3136 911 3185 enemy
923 3121 949 3170 in
961 3121 1004 3248 the]
1014 3137 1107 3236 qupng.
1127 3187 1154 3237 'lt
1168 3187 1230 3237 bes
1278 3189 1317 3238 dl
1353 3188 1399 3237 be,

380 3203 445 3234 nw
560 3201 763 3235 veaww.
857 3193 1133 3236 2.errs‘ouw1
1227 3203 1408 3244 nuno,

202 3201 417 3316 §nerthen-135]
434 3203 512 3301 ‘huent
529 3252 567 3300 for
589 3203 717 3316 hhthing',
741 3252 781 3302 i.e.
822 3250 854 3300 cl.
867 3199 926 3301 dhe
939 3267 973 3301 on
985 3264 995 3300 1
1007 3268 1045 3315 31.

201 3335 267 3369 were
277 3333 311 3367 no
321 3317 406 3367 crime.
856 3315 912 3366 260.
947 3317 1049 3379 iunctis]
1069 3317 1108 3366 i.e.
1136 3333 1151 3366 a
1175 3333 1251 3384 camp
1276 3317 1411 3382 adjoining

235 3399 290 3498 isa.
311 3385 353 3497 hil!
364 3381 567 3497 similim’lthey’
583 3381 698 3497 Parsada
715 3381 784 3496 the?
822 3379 943 3498 eadm·
963 3447 1045 3496 ’ntend
1081 3447 1090 3509 ]
1126 3447 1153 3498 th
1208 3449 1235 3498 d'
1249 3449 1318 3498 ectd
1342 3450 1397 3499 th'

570 3481 576 3494 .
636 3482 642 3494 .
727 3485 732 3496 .
778 3481 784 3496 .
888 3463 909 3496 a.
957 3464 966 3496 r
1041 3464 1070 3496 er
1113 3453 1119 3474 ¹
1374 3465 1411 3498 err

202 3451 784 3578 ge.ir7e5tp5hhucelhseprhldheinprgetorioeisnter-
822 3463 914 3576 flight'.
1068 3463 1080 3497 e
1155 3463 1186 3512 ey
1227 3465 1249 3498 n
1288 3465 1302 3499 e

197 3581 299 3645 ficiunt.
854 3577 949 3638 obuius]
964 3579 1032 3628 ‘sent
1044 3588 1086 3628 out
1099 3587 1125 3629 to
1136 3587 1202 3630 meet
1214 3579 1304 3629 them'.

238 3661 295 3708 ²55·
339 3643 458 3708 agrroscrk]
489 3643 555 3692 ‘dost
584 3643 714 3707 recognize
741 3643 786 3693 the
857 3641 913 3692 266.
930 3651 976 3691 aut
987 3643 1092 3706 circum]
1105 3651 1163 3693 ‘nor
1172 3652 1199 3694 to
1210 3646 1409 3696 embracewith-

204 3711 291 3760 favour
307 3709 336 3759 os
349 3710 444 3758 heaven
451 3709 466 3768 ¹,
486 3708 526 3757 i-e-
539 3709 626 3757 shown
637 3710 671 3772 by
682 3709 786 3773 making
823 3707 848 3756 in
860 3707 892 3757 its
903 3708 1016 3772 winding
1026 3709 1089 3758 lines
1100 3711 1228 3759 abundant
1240 3713 1335 3776 springs
1343 3712 1359 3760 '.

203 3777 242 3826 his
257 3775 365 3825 enemies
381 3774 468 3839 guilty.
504 3773 535 3822 cf.
555 3785 576 3821 11
596 3787 641 3835 537
659 3774 686 3822 di
697 3775 786 3823 nulius
857 3771 912 3836 267.
946 3775 1106 3836 leri-uiam]
1125 3775 1181 3824 ‘the
1197 3777 1259 3840 path
1275 3777 1308 3840 by
1322 3777 1410 3826 which

202 3841 259 3891 belli
279 3841 383 3889 tulimus
401 3839 467 3904 quod
483 3839 576 3886 damna
594 3840 697 3902 μὴνετ.
730 3840 786 3889 Tm
822 3839 897 3887 death
909 3839 1088 3904 approached’,
1102 3841 1143 3889 i.e.
1155 3840 1198 3889 the
1209 3841 1272 3890 kind
1289 3841 1316 3890 oi
1328 3843 1411 3892 death

203 3906 285 3955 words
302 3905 355 3954 also
375 3904 497 3970 probably
516 3903 603 3990 imply,
624 3903 693 3953 ‘dost
715 3905 786 3955 show
824 3903 904 3952 which
918 3905 1063 3954 threatened
1080 3905 1155 3954 them.
1190 3905 1222 3954 cf.
1235 3905 1311 3971 Verg.
1323 3907 1357 3956 G.
1376 3921 1407 3956 111

204 3972 249 4036 thy
271 3979 365 4035 respect
388 3969 426 4018 lor
446 3969 488 4018 the
510 3969 594 4082 pods,
619 3969 659 4018 ie.
685 3970 719 4033 by
741 3979 785 4020 not
822 3970 868 4028 48²
882 3970 978 4018 necata
989 3971 1075 4018 mortis
1084 3978 1138 4019 erat
1147 3971 1258 4035 simplex.

203 4037 325 4100 inflicting
344 4035 438 4084 similar
457 4049 514 4084 crue
525 4033 571 4083 ties
596 4049 629 4083 on
649 4034 692 4084 the
713 4036 785 4084 Pom·
855 4045 911 4095 270.
944 4035 1075 4097 damnare]
1105 4036 1142 4085 ‘in
1170 4036 1234 4085 their
1257 4036 1358 4102 despair
1382 4046 1411 4086 to
1472 4057 1473 4068 ¹

205 4103 298 4168 peians.
332 4101 362 4150 cl.
388 4100 442 4150 Cic.
463 4100 495 4149 de
513 4100 565 4148 diu.
589 4102 630 4159 15
652 4116 695 4163 ¹3²
718 4115 786 4149 nunc
823 4097 898 4162 reject
910 4099 952 4150 the
963 4101 1069 4165 thought
1081 4101 1110 4150 oi
1118 4100 1209 4229 liipht’.
1239 4101 1272 4151 cf.
1282 4113 1334 4152 vt11
1349 4106 1412 4164 328,

206 4169 250 4216 illa
269 4167 372 4215 testabor
393 4182 442 4214 mm
462 4181 499 4213 me
515 4165 637 4228 sortilegos
655 4181 730 4230 neque
749 4181 786 4214 eos
823 4163 886 4214 Plin.
904 4165 939 4215 H.
955 4166 989 4214 N.
1002 4169 1136 4232 V111§·179
1155 4167 1413 4232 bomstm'gricoloris
1472 4175 1473 4230 ξ

205 4233 252 4296 qui
277 4238 391 4296 quaestus
417 4245 492 4278 causa
515 4231 671 4278 tumulentur
685 4247 717 4279 ne
727 4239 784 4295 psy·
822 4231 1111 4306 canduliueadlaborcnr
1122 4232 1289 4282 damnantur.

205 4297 344 4346 clamantia
351 4297 457 4358 qm'dem,
468 4295 558 4358 quibus
576 4295 673 4358 Appius
688 4297 786 4345 ammas
855 4297 969 4356 casurw]
983 4299 1022 4345 ‘to
1033 4303 1127 4346 certain
1138 4295 1237 4346 death'.

206 4367 264 4408 tuus
275 4361 316 4408 uti
324 4359 417 4416 solebat,
431 4373 564 4422 agnoscere.
856 4373 948 4422 ayne
996 4377 1009 4408 o
1015 4361 1103 4424 passu]
1118 4361 1190 4410 ‘with
1202 4361 1275 4426 hasty
1286 4361 1378 4427 steps’.
1472 4331 1473 4376 ¹

241 4437 296 4487 257.
330 4438 372 4472 nec
382 4422 492 4484 tantum]
509 4427 567 4472 ‘nor
577 4423 645 4474 didst
656 4423 717 4474 thou
728 4425 786 4489 guin
858 4437 913 4486 ²73·
947 4441 1080 4491 mamque
1088 4426 1174 4475 ruenti
1182 4427 1412 4490 subtralel'with-
