<?xml version="1.0" encoding="UTF-8"?>
<!DOCTYPE html PUBLIC "-//W3C//DTD XHTML 1.0 Transitional//EN"
    "http://www.w3.org/TR/xhtml1/DTD/xhtml1-transitional.dtd">
<html xmlns="http://www.w3.org/1999/xhtml" xml:lang="en" lang="en">
 <head>
  <title>
</title>
<meta http-equiv="Content-Type" content="text/html;charset=utf-8" />
  <meta name='ocr-system' content='tesseract 3.04.00' />
  <meta name='ocr-capabilities' content='ocr_page ocr_carea ocr_par ocr_line ocrx_word'/>
</head>
<body>
  <div class='ocr_page' id='page_1' title='image "./mannaeilucaniph01haskgoog_0081.png"; bbox 0 0 3080 4954; ppageno 0'>
   <div class='ocr_carea' id='block_1_1' title="bbox 221 377 972 440">
    <p class='ocr_par' dir='ltr' id='par_1_1' title="bbox 221 377 972 440">
     <span class='ocr_line' id='line_1_1' title="bbox 221 377 972 440; baseline 0.001 -3"><span class='ocrx_word' id='word_1_1' title='bbox 221 377 278 438; x_wconf 85' lang='lat' dir='ltr'><strong>lxvi</strong></span> <span class='ocrx_word' id='word_1_2' title='bbox 672 379 972 440; x_wconf 85' lang='lat' dir='ltr'><em>SENTENTIAE</em></span> 
     </span>
    </p>
   </div>
   <div class='ocr_carea' id='block_1_2' title="bbox 220 533 1431 1040">
    <p class='ocr_par' dir='ltr' id='par_1_2' title="bbox 220 533 1431 1040">
     <span class='ocr_line' id='line_1_2' title="bbox 287 533 1431 602; baseline -0.003 -2"><span class='ocrx_word' id='word_1_3' title='bbox 287 537 319 600; x_wconf 92' lang='lat' dir='ltr'><strong>It</strong></span> <span class='ocrx_word' id='word_1_4' title='bbox 343 537 486 601; x_wconf 88' lang='lat' dir='ltr'><strong>remains</strong></span> <span class='ocrx_word' id='word_1_5' title='bbox 507 557 582 601; x_wconf 90' lang='lat' dir='ltr'><strong>now</strong></span> <span class='ocrx_word' id='word_1_6' title='bbox 603 547 639 602; x_wconf 91' lang='lat' dir='ltr'><strong>to</strong></span> <span class='ocrx_word' id='word_1_7' title='bbox 662 557 718 600; x_wconf 90' lang='lat' dir='ltr'><strong>see</strong></span> <span class='ocrx_word' id='word_1_8' title='bbox 738 535 885 600; x_wconf 87' lang='lat' dir='ltr'><strong>whether</strong></span> <span class='ocrx_word' id='word_1_9' title='bbox 907 535 965 598; x_wconf 91' lang='lat' dir='ltr'><strong>the</strong></span> <span class='ocrx_word' id='word_1_10' title='bbox 984 534 1159 598; x_wconf 78' lang='lat' dir='ltr'><strong>sententias</strong></span> <span class='ocrx_word' id='word_1_11' title='bbox 1177 534 1216 597; x_wconf 83' lang='lat' dir='ltr'><strong>of</strong></span> <span class='ocrx_word' id='word_1_12' title='bbox 1236 533 1351 598; x_wconf 88' lang='lat' dir='ltr'><strong>Lucan</strong></span> <span class='ocrx_word' id='word_1_13' title='bbox 1372 555 1431 598; x_wconf 89' lang='lat' dir='ltr'><strong>are</strong></span> 
     </span>
     <span class='ocr_line' id='line_1_3' title="bbox 220 637 1431 724; baseline 0 -22"><span class='ocrx_word' id='word_1_14' title='bbox 220 641 420 724; x_wconf 88' lang='lat' dir='ltr'><strong>sufficiently</strong></span> <span class='ocrx_word' id='word_1_15' title='bbox 441 663 619 706; x_wconf 91' lang='lat' dir='ltr'><strong>numerous</strong></span> <span class='ocrx_word' id='word_1_16' title='bbox 642 643 709 706; x_wconf 92' lang='lat' dir='ltr'><strong>and</strong></span> <span class='ocrx_word' id='word_1_17' title='bbox 732 641 874 723; x_wconf 86' lang='lat' dir='ltr'><strong>striking</strong></span> <span class='ocrx_word' id='word_1_18' title='bbox 897 650 932 704; x_wconf 91' lang='lat' dir='ltr'><strong>to</strong></span> <span class='ocrx_word' id='word_1_19' title='bbox 952 639 1072 721; x_wconf 85' lang='lat' dir='ltr'><strong>justisy</strong></span> <span class='ocrx_word' id='word_1_20' title='bbox 1092 638 1178 703; x_wconf 91' lang='lat' dir='ltr'><strong>their</strong></span> <span class='ocrx_word' id='word_1_21' title='bbox 1200 639 1358 702; x_wconf 90' lang='lat' dir='ltr'><strong>selection</strong></span> <span class='ocrx_word' id='word_1_22' title='bbox 1381 637 1431 720; x_wconf 93' lang='lat' dir='ltr'><strong>by</strong></span> 
     </span>
     <span class='ocr_line' id='line_1_4' title="bbox 221 743 1430 828; baseline -0.002 -20"><span class='ocrx_word' id='word_1_23' title='bbox 221 743 407 826; x_wconf 86' lang='lat' dir='ltr'><strong>Quintilian</strong></span> <span class='ocrx_word' id='word_1_24' title='bbox 442 768 479 810; x_wconf 91' lang='lat' dir='ltr'><strong>as</strong></span> <span class='ocrx_word' id='word_1_25' title='bbox 513 747 571 811; x_wconf 90' lang='lat' dir='ltr'><strong>the</strong></span> <span class='ocrx_word' id='word_1_26' title='bbox 607 747 713 828; x_wconf 86' lang='lat' dir='ltr'><strong>single</strong></span> <span class='ocrx_word' id='word_1_27' title='bbox 744 745 889 810; x_wconf 90' lang='lat' dir='ltr'><strong>detailed</strong></span> <span class='ocrx_word' id='word_1_28' title='bbox 920 743 1166 808; x_wconf 85' lang='lat' dir='ltr'><strong>characteristic</strong></span> <span class='ocrx_word' id='word_1_29' title='bbox 1195 752 1232 807; x_wconf 92' lang='lat' dir='ltr'><strong>to</strong></span> <span class='ocrx_word' id='word_1_30' title='bbox 1262 743 1368 807; x_wconf 89' lang='lat' dir='ltr'><strong>which</strong></span> <span class='ocrx_word' id='word_1_31' title='bbox 1404 744 1430 806; x_wconf 91' lang='lat' dir='ltr'><strong>it</strong></span> 
     </span>
     <span class='ocr_line' id='line_1_5' title="bbox 220 847 1431 934; baseline -0.002 -22"><span class='ocrx_word' id='word_1_32' title='bbox 220 853 352 916; x_wconf 89' lang='lat' dir='ltr'><strong>seemed</strong></span> <span class='ocrx_word' id='word_1_33' title='bbox 379 873 554 934; x_wconf 87' lang='lat' dir='ltr'><strong>necessary</strong></span> <span class='ocrx_word' id='word_1_34' title='bbox 578 861 614 915; x_wconf 89' lang='lat' dir='ltr'><strong>to</strong></span> <span class='ocrx_word' id='word_1_35' title='bbox 641 851 732 915; x_wconf 86' lang='lat' dir='ltr'><strong>refer.</strong></span> <span class='ocrx_word' id='word_1_36' title='bbox 777 851 830 914; x_wconf 93' lang='lat' dir='ltr'><strong>To</strong></span> <span class='ocrx_word' id='word_1_37' title='bbox 856 849 922 914; x_wconf 93' lang='lat' dir='ltr'><strong>this</strong></span> <span class='ocrx_word' id='word_1_38' title='bbox 947 849 1012 913; x_wconf 91' lang='lat' dir='ltr'><strong>end</strong></span> <span class='ocrx_word' id='word_1_39' title='bbox 1041 849 1056 912; x_wconf 95' lang='lat' dir='ltr'>I</span> <span class='ocrx_word' id='word_1_40' title='bbox 1084 848 1169 912; x_wconf 91' lang='lat' dir='ltr'><strong>have</strong></span> <span class='ocrx_word' id='word_1_41' title='bbox 1194 850 1293 912; x_wconf 91' lang='lat' dir='ltr'><strong>made</strong></span> <span class='ocrx_word' id='word_1_42' title='bbox 1317 869 1354 911; x_wconf 89' lang='lat' dir='ltr'><strong>as</strong></span> <span class='ocrx_word' id='word_1_43' title='bbox 1378 847 1431 911; x_wconf 82' lang='lat' dir='ltr'><strong>far</strong></span> 
     </span>
     <span class='ocr_line' id='line_1_6' title="bbox 220 951 1359 1040; baseline -0.001 -24"><span class='ocrx_word' id='word_1_44' title='bbox 220 974 257 1016; x_wconf 89' lang='lat' dir='ltr'><strong>as</strong></span> <span class='ocrx_word' id='word_1_45' title='bbox 275 954 290 1018; x_wconf 93' lang='grc' dir='ltr'>Ι</span> <span class='ocrx_word' id='word_1_46' title='bbox 307 955 405 1019; x_wconf 89' lang='lat' dir='ltr'><strong>could</strong></span> <span class='ocrx_word' id='word_1_47' title='bbox 423 975 443 1018; x_wconf 91' lang='lat' dir='ltr'><strong>a</strong></span> <span class='ocrx_word' id='word_1_48' title='bbox 458 953 625 1038; x_wconf 91' lang='lat' dir='ltr'><strong>complete</strong></span> <span class='ocrx_word' id='word_1_49' title='bbox 640 953 815 1040; x_wconf 76' lang='lat' dir='ltr'><strong>collection</strong></span> <span class='ocrx_word' id='word_1_50' title='bbox 831 953 870 1017; x_wconf 89' lang='lat' dir='ltr'><strong>of</strong></span> <span class='ocrx_word' id='word_1_51' title='bbox 881 952 984 1028; x_wconf 88' lang='lat' dir='ltr'><strong>them,</strong></span> <span class='ocrx_word' id='word_1_52' title='bbox 998 952 1065 1016; x_wconf 89' lang='lat' dir='ltr'><strong>and</strong></span> <span class='ocrx_word' id='word_1_53' title='bbox 1081 952 1215 1036; x_wconf 90' lang='lat' dir='ltr'><strong>append</strong></span> <span class='ocrx_word' id='word_1_54' title='bbox 1232 953 1259 1015; x_wconf 89' lang='lat' dir='ltr'><strong>it</strong></span> <span class='ocrx_word' id='word_1_55' title='bbox 1274 951 1359 1016; x_wconf 90' lang='lat' dir='ltr'><strong>here.</strong></span> 
     </span>
    </p>
   </div>
   <div class='ocr_carea' id='block_1_3' title="bbox 222 1097 1432 1447">
    <p class='ocr_par' dir='ltr' id='par_1_3' title="bbox 222 1097 1432 1447">
     <span class='ocr_line' id='line_1_7' title="bbox 222 1097 1432 1180; baseline 0.001 -16"><span class='ocrx_word' id='word_1_56' title='bbox 222 1123 232 1164; x_wconf 88' lang='lat'>1</span> <span class='ocrx_word' id='word_1_57' title='bbox 252 1125 285 1180; x_wconf 88' lang='lat'><strong>32</strong></span> <span class='ocrx_word' id='word_1_58' title='bbox 312 1113 370 1166; x_wconf 88' lang='lat' dir='ltr'><strong>alta</strong></span> <span class='ocrx_word' id='word_1_59' title='bbox 391 1113 489 1168; x_wconf 87' lang='lat' dir='ltr'><strong>sedent</strong></span> <span class='ocrx_word' id='word_1_60' title='bbox 511 1113 601 1168; x_wconf 91' lang='lat' dir='ltr'><strong>civilis</strong></span> <span class='ocrx_word' id='word_1_61' title='bbox 619 1113 734 1167; x_wconf 90' lang='lat' dir='ltr'><strong>volnera</strong></span> <span class='ocrx_word' id='word_1_62' title='bbox 753 1097 884 1176; x_wconf 58' lang='lat' dir='ltr'><strong>dextrae,</strong></span> <span class='ocrx_word' id='word_1_63' title='bbox 902 1110 933 1164; x_wconf 90' lang='lat'><strong>81</strong></span> <span class='ocrx_word' id='word_1_64' title='bbox 957 1111 986 1164; x_wconf 92' lang='lat' dir='ltr'><strong>in</strong></span> <span class='ocrx_word' id='word_1_65' title='bbox 1006 1127 1036 1164; x_wconf 93' lang='lat' dir='ltr'><strong>se</strong></span> <span class='ocrx_word' id='word_1_66' title='bbox 1054 1127 1160 1179; x_wconf 86' lang='lat' dir='ltr'><strong>magna</strong></span> <span class='ocrx_word' id='word_1_67' title='bbox 1179 1119 1271 1178; x_wconf 87' lang='lat' dir='ltr'><strong>ruunt,</strong></span> <span class='ocrx_word' id='word_1_68' title='bbox 1294 1125 1328 1180; x_wconf 89' lang='lat'><strong>92</strong></span> <span class='ocrx_word' id='word_1_69' title='bbox 1351 1111 1432 1166; x_wconf 88' lang='lat' dir='ltr'><strong>nulla</strong></span> 
     </span>
     <span class='ocr_line' id='line_1_8' title="bbox 292 1187 1432 1270; baseline -0.001 -16"><span class='ocrx_word' id='word_1_70' title='bbox 292 1199 361 1254; x_wconf 87' lang='lat' dir='ltr'><strong>fides</strong></span> <span class='ocrx_word' id='word_1_71' title='bbox 374 1201 453 1270; x_wconf 86' lang='lat' dir='ltr'><strong>regni</strong></span> <span class='ocrx_word' id='word_1_72' title='bbox 467 1187 559 1268; x_wconf 80' lang='lat' dir='ltr'><strong>sociis,</strong></span> <span class='ocrx_word' id='word_1_73' title='bbox 574 1201 621 1254; x_wconf 89' lang='lat'><strong>281</strong></span> <span class='ocrx_word' id='word_1_74' title='bbox 639 1217 750 1270; x_wconf 87' lang='lat' dir='ltr'><strong>semper</strong></span> <span class='ocrx_word' id='word_1_75' title='bbox 762 1199 857 1254; x_wconf 86' lang='lat' dir='ltr'><strong>nocuit</strong></span> <span class='ocrx_word' id='word_1_76' title='bbox 867 1198 978 1252; x_wconf 81' lang='lat' dir='ltr'><strong>differre</strong></span> <span class='ocrx_word' id='word_1_77' title='bbox 990 1197 1104 1268; x_wconf 85' lang='lat' dir='ltr'><strong>paratis,</strong></span> <span class='ocrx_word' id='word_1_78' title='bbox 1119 1213 1223 1267; x_wconf 85' lang='lat'>33¹-2</span> <span class='ocrx_word' id='word_1_79' title='bbox 1236 1199 1328 1253; x_wconf 92' lang='lat' dir='ltr'><strong>nullus</strong></span> <span class='ocrx_word' id='word_1_80' title='bbox 1341 1199 1432 1254; x_wconf 87' lang='lat' dir='ltr'><strong>semel</strong></span> 
     </span>
     <span class='ocr_line' id='line_1_9' title="bbox 292 1284 1432 1359; baseline 0 -18"><span class='ocrx_word' id='word_1_81' title='bbox 292 1304 340 1342; x_wconf 90' lang='lat' dir='ltr'><strong>ore</strong></span> <span class='ocrx_word' id='word_1_82' title='bbox 356 1297 484 1358; x_wconf 90' lang='lat' dir='ltr'><strong>receptus</strong></span> <span class='ocrx_word' id='word_1_83' title='bbox 499 1289 622 1359; x_wconf 88' lang='lat' dir='ltr'><strong>pollutas</strong></span> <span class='ocrx_word' id='word_1_84' title='bbox 642 1287 746 1357; x_wconf 90' lang='lat' dir='ltr'><strong>patitur</strong></span> <span class='ocrx_word' id='word_1_85' title='bbox 763 1286 878 1354; x_wconf 86' lang='lat' dir='ltr'><strong>sanguis</strong></span> <span class='ocrx_word' id='word_1_86' title='bbox 892 1301 1089 1340; x_wconf 86' lang='lat' dir='ltr'><strong>mansuescere</strong></span> <span class='ocrx_word' id='word_1_87' title='bbox 1105 1284 1209 1353; x_wconf 79' lang='lat' dir='ltr'><strong>fauces,</strong></span> <span class='ocrx_word' id='word_1_88' title='bbox 1227 1285 1332 1356; x_wconf 84' lang='lat'>348-9</span> <span class='ocrx_word' id='word_1_89' title='bbox 1349 1303 1432 1342; x_wconf 88' lang='lat' dir='ltr'><strong>arma</strong></span> 
     </span>
     <span class='ocr_line' id='line_1_10' title="bbox 291 1377 818 1447; baseline -0.004 -17"><span class='ocrx_word' id='word_1_90' title='bbox 291 1378 397 1432; x_wconf 88' lang='lat' dir='ltr'><strong>tenenti</strong></span> <span class='ocrx_word' id='word_1_91' title='bbox 410 1377 506 1432; x_wconf 91' lang='lat' dir='ltr'><strong>omnia</strong></span> <span class='ocrx_word' id='word_1_92' title='bbox 517 1377 567 1432; x_wconf 86' lang='lat' dir='ltr'><strong>dat</strong></span> <span class='ocrx_word' id='word_1_93' title='bbox 579 1377 627 1447; x_wconf 93' lang='lat' dir='ltr'><strong>qui</strong></span> <span class='ocrx_word' id='word_1_94' title='bbox 640 1377 715 1430; x_wconf 88' lang='lat' dir='ltr'><strong>iusta</strong></span> <span class='ocrx_word' id='word_1_95' title='bbox 727 1385 818 1444; x_wconf 84' lang='lat' dir='ltr'><strong>negat.</strong></span> 
     </span>
    </p>
   </div>
   <div class='ocr_carea' id='block_1_4' title="bbox 221 1493 1010 1566">
    <p class='ocr_par' dir='ltr' id='par_1_4' title="bbox 221 1493 1010 1566">
     <span class='ocr_line' id='line_1_11' title="bbox 221 1493 1010 1566; baseline 0 -20"><span class='ocrx_word' id='word_1_96' title='bbox 221 1504 245 1546; x_wconf 88' lang='lat'><strong>11</strong></span> <span class='ocrx_word' id='word_1_97' title='bbox 259 1493 310 1560; x_wconf 89' lang='lat'><strong>287</strong></span> <span class='ocrx_word' id='word_1_98' title='bbox 330 1495 380 1550; x_wconf 91' lang='lat' dir='ltr'><strong>sed</strong></span> <span class='ocrx_word' id='word_1_99' title='bbox 392 1513 449 1566; x_wconf 93' lang='lat' dir='ltr'><strong>quo</strong></span> <span class='ocrx_word' id='word_1_100' title='bbox 461 1496 519 1550; x_wconf 83' lang='lat' dir='ltr'><strong>sata</strong></span> <span class='ocrx_word' id='word_1_101' title='bbox 532 1495 646 1550; x_wconf 90' lang='lat' dir='ltr'><strong>trahunt</strong></span> <span class='ocrx_word' id='word_1_102' title='bbox 658 1493 746 1548; x_wconf 85' lang='lat' dir='ltr'><strong>virtus</strong></span> <span class='ocrx_word' id='word_1_103' title='bbox 760 1509 859 1549; x_wconf 86' lang='lat' dir='ltr'><strong>secura</strong></span> <span class='ocrx_word' id='word_1_104' title='bbox 872 1503 1010 1564; x_wconf 87' lang='lat' dir='ltr'><strong>sequetur.</strong></span> 
     </span>
    </p>
   </div>
   <div class='ocr_carea' id='block_1_5' title="bbox 221 1611 1433 1948">
    <p class='ocr_par' dir='ltr' id='par_1_5' title="bbox 221 1611 1433 1948">
     <span class='ocr_line' id='line_1_12' title="bbox 221 1611 1432 1688; baseline 0.002 -22"><span class='ocrx_word' id='word_1_105' title='bbox 221 1625 258 1667; x_wconf 83' lang='lat'><strong>111</strong></span> <span class='ocrx_word' id='word_1_106' title='bbox 273 1615 305 1684; x_wconf 83' lang='lat'><strong>58</strong></span> <span class='ocrx_word' id='word_1_107' title='bbox 324 1617 413 1671; x_wconf 89' lang='lat' dir='ltr'><strong>nescit</strong></span> <span class='ocrx_word' id='word_1_108' title='bbox 429 1617 525 1688; x_wconf 90' lang='lat' dir='ltr'><strong>plebes</strong></span> <span class='ocrx_word' id='word_1_109' title='bbox 539 1616 632 1672; x_wconf 89' lang='lat' dir='ltr'><strong>ieiuna</strong></span> <span class='ocrx_word' id='word_1_110' title='bbox 644 1615 751 1681; x_wconf 89' lang='lat' dir='ltr'><strong>timere,</strong></span> <span class='ocrx_word' id='word_1_111' title='bbox 772 1613 874 1683; x_wconf 68' lang='lat' dir='ltr'><strong>rra-q</strong></span> <span class='ocrx_word' id='word_1_112' title='bbox 892 1629 981 1684; x_wconf 90' lang='lat' dir='ltr'><strong>usque</strong></span> <span class='ocrx_word' id='word_1_113' title='bbox 995 1611 1067 1667; x_wconf 90' lang='lat' dir='ltr'><strong>adeo</strong></span> <span class='ocrx_word' id='word_1_114' title='bbox 1084 1613 1160 1668; x_wconf 90' lang='lat' dir='ltr'><strong>solus</strong></span> <span class='ocrx_word' id='word_1_115' title='bbox 1175 1613 1277 1668; x_wconf 82' lang='lat' dir='ltr'><strong>serrum</strong></span> <span class='ocrx_word' id='word_1_116' title='bbox 1296 1623 1432 1669; x_wconf 89' lang='lat' dir='ltr'><strong>mortem·</strong></span> 
     </span>
     <span class='ocr_line' id='line_1_13' title="bbox 291 1701 1433 1772; baseline 0 -16"><span class='ocrx_word' id='word_1_117' title='bbox 291 1719 345 1772; x_wconf 89' lang='lat' dir='ltr'><strong>que</strong></span> <span class='ocrx_word' id='word_1_118' title='bbox 363 1705 462 1758; x_wconf 91' lang='lat' dir='ltr'><strong>timere</strong></span> <span class='ocrx_word' id='word_1_119' title='bbox 480 1703 539 1758; x_wconf 89' lang='lat' dir='ltr'><strong>auri</strong></span> <span class='ocrx_word' id='word_1_120' title='bbox 555 1703 645 1758; x_wconf 90' lang='lat' dir='ltr'><strong>nescit</strong></span> <span class='ocrx_word' id='word_1_121' title='bbox 660 1720 747 1770; x_wconf 86' lang='lat' dir='ltr'><strong>amor,</strong></span> <span class='ocrx_word' id='word_1_122' title='bbox 770 1719 780 1756; x_wconf 87' lang='lat' dir='ltr'><strong>r</strong></span> <span class='ocrx_word' id='word_1_123' title='bbox 786 1717 818 1772; x_wconf 85' lang='lat'><strong>52</strong></span> <span class='ocrx_word' id='word_1_124' title='bbox 838 1719 894 1756; x_wconf 90' lang='lat' dir='ltr'><strong>non</strong></span> <span class='ocrx_word' id='word_1_125' title='bbox 914 1701 967 1756; x_wconf 90' lang='lat' dir='ltr'><strong>sibi</strong></span> <span class='ocrx_word' id='word_1_126' title='bbox 986 1701 1037 1756; x_wconf 88' lang='lat' dir='ltr'><strong>sed</strong></span> <span class='ocrx_word' id='word_1_127' title='bbox 1055 1702 1172 1756; x_wconf 89' lang='lat' dir='ltr'><strong>domino</strong></span> <span class='ocrx_word' id='word_1_128' title='bbox 1187 1703 1280 1772; x_wconf 86' lang='lat' dir='ltr'><strong>gravis</strong></span> <span class='ocrx_word' id='word_1_129' title='bbox 1297 1713 1342 1757; x_wconf 88' lang='lat' dir='ltr'><strong>est</strong></span> <span class='ocrx_word' id='word_1_130' title='bbox 1356 1719 1433 1772; x_wconf 89' lang='lat' dir='ltr'><strong>quae</strong></span> 
     </span>
     <span class='ocr_line' id='line_1_14' title="bbox 293 1789 1433 1860; baseline 0.002 -17"><span class='ocrx_word' id='word_1_131' title='bbox 293 1790 503 1860; x_wconf 84' lang='lat' dir='ltr'><strong>servitegestas,</strong></span> <span class='ocrx_word' id='word_1_132' title='bbox 520 1792 627 1860; x_wconf 84' lang='lat'><strong>448—9</strong></span> <span class='ocrx_word' id='word_1_133' title='bbox 640 1801 732 1845; x_wconf 88' lang='lat' dir='ltr'><strong>servat</strong></span> <span class='ocrx_word' id='word_1_134' title='bbox 752 1791 856 1844; x_wconf 90' lang='lat' dir='ltr'><strong>multos</strong></span> <span class='ocrx_word' id='word_1_135' title='bbox 873 1790 985 1844; x_wconf 76' lang='lat' dir='ltr'><strong>fortuna</strong></span> <span class='ocrx_word' id='word_1_136' title='bbox 1002 1789 1129 1844; x_wconf 89' lang='lat' dir='ltr'><strong>nocentis</strong></span> <span class='ocrx_word' id='word_1_137' title='bbox 1145 1799 1173 1845; x_wconf 92' lang='lat' dir='ltr'><strong>et</strong></span> <span class='ocrx_word' id='word_1_138' title='bbox 1190 1799 1302 1844; x_wconf 85' lang='lat' dir='ltr'><strong>tanturn</strong></span> <span class='ocrx_word' id='word_1_139' title='bbox 1319 1791 1433 1846; x_wconf 86' lang='lat' dir='ltr'><strong>miseris</strong></span> 
     </span>
     <span class='ocr_line' id='line_1_15' title="bbox 290 1876 640 1948; baseline 0.006 -18"><span class='ocrx_word' id='word_1_140' title='bbox 290 1876 372 1931; x_wconf 88' lang='lat' dir='ltr'><strong>irasci</strong></span> <span class='ocrx_word' id='word_1_141' title='bbox 385 1878 503 1932; x_wconf 88' lang='lat' dir='ltr'><strong>numina</strong></span> <span class='ocrx_word' id='word_1_142' title='bbox 515 1887 640 1948; x_wconf 91' lang='lat' dir='ltr'><strong>possunt.</strong></span> 
     </span>
    </p>
   </div>
   <div class='ocr_carea' id='block_1_6' title="bbox 220 1999 1434 2331">
    <p class='ocr_par' dir='ltr' id='par_1_6' title="bbox 220 1999 1434 2331">
     <span class='ocr_line' id='line_1_16' title="bbox 220 1999 1434 2078; baseline 0.006 -28"><span class='ocrx_word' id='word_1_143' title='bbox 220 2009 252 2050; x_wconf 91' lang='lat' dir='ltr'><strong>1v</strong></span> <span class='ocrx_word' id='word_1_144' title='bbox 265 2011 314 2068; x_wconf 81' lang='lat'><strong>275</strong></span> <span class='ocrx_word' id='word_1_145' title='bbox 334 1999 454 2056; x_wconf 89' lang='lat' dir='ltr'><strong>vincitur</strong></span> <span class='ocrx_word' id='word_1_146' title='bbox 470 2001 546 2056; x_wconf 87' lang='lat' dir='ltr'><strong>haud</strong></span> <span class='ocrx_word' id='word_1_147' title='bbox 564 2003 651 2071; x_wconf 85' lang='lat' dir='ltr'><strong>gratis</strong></span> <span class='ocrx_word' id='word_1_148' title='bbox 670 2002 764 2072; x_wconf 81' lang='lat' dir='ltr'><strong>iugulo</strong></span> <span class='ocrx_word' id='word_1_149' title='bbox 782 2001 828 2072; x_wconf 92' lang='lat' dir='ltr'><strong>qui</strong></span> <span class='ocrx_word' id='word_1_150' title='bbox 846 2009 980 2070; x_wconf 89' lang='lat' dir='ltr'><strong>provocat</strong></span> <span class='ocrx_word' id='word_1_151' title='bbox 997 2001 1116 2067; x_wconf 87' lang='lat' dir='ltr'><strong>hostem,</strong></span> <span class='ocrx_word' id='word_1_152' title='bbox 1135 2000 1241 2070; x_wconf 83' lang='lat'>478-9</span> <span class='ocrx_word' id='word_1_153' title='bbox 1260 2001 1319 2056; x_wconf 88' lang='lat' dir='ltr'><strong>vita</strong></span> <span class='ocrx_word' id='word_1_154' title='bbox 1335 2001 1434 2078; x_wconf 85' lang='lat' dir='ltr'><strong>brevis</strong></span> 
     </span>
     <span class='ocr_line' id='line_1_17' title="bbox 291 2087 1433 2160; baseline 0.002 -19"><span class='ocrx_word' id='word_1_155' title='bbox 291 2089 358 2142; x_wconf 94' lang='lat' dir='ltr'><strong>nulli</strong></span> <span class='ocrx_word' id='word_1_156' title='bbox 381 2099 526 2158; x_wconf 90' lang='lat' dir='ltr'><strong>superest</strong></span> <span class='ocrx_word' id='word_1_157' title='bbox 548 2091 595 2160; x_wconf 91' lang='lat' dir='ltr'><strong>qui</strong></span> <span class='ocrx_word' id='word_1_158' title='bbox 615 2100 725 2159; x_wconf 91' lang='lat' dir='ltr'><strong>tempus</strong></span> <span class='ocrx_word' id='word_1_159' title='bbox 747 2091 775 2143; x_wconf 92' lang='lat' dir='ltr'><strong>in</strong></span> <span class='ocrx_word' id='word_1_160' title='bbox 796 2089 844 2142; x_wconf 88' lang='lat' dir='ltr'><strong>illa</strong></span> <span class='ocrx_word' id='word_1_161' title='bbox 865 2089 1043 2160; x_wconf 86' lang='lat' dir='ltr'><strong>quaerendae</strong></span> <span class='ocrx_word' id='word_1_162' title='bbox 1065 2087 1118 2142; x_wconf 88' lang='lat' dir='ltr'><strong>sibi</strong></span> <span class='ocrx_word' id='word_1_163' title='bbox 1140 2089 1239 2143; x_wconf 91' lang='lat' dir='ltr'><strong>mortis</strong></span> <span class='ocrx_word' id='word_1_164' title='bbox 1259 2089 1356 2158; x_wconf 89' lang='lat' dir='ltr'><strong>habet,</strong></span> <span class='ocrx_word' id='word_1_165' title='bbox 1378 2103 1433 2156; x_wconf 83' lang='lat'><strong>702</strong></span> 
     </span>
     <span class='ocr_line' id='line_1_18' title="bbox 291 2173 1433 2246; baseline 0.002 -18"><span class='ocrx_word' id='word_1_166' title='bbox 291 2173 422 2228; x_wconf 88' lang='lat' dir='ltr'><strong>audendo</strong></span> <span class='ocrx_word' id='word_1_167' title='bbox 439 2191 559 2244; x_wconf 86' lang='lat' dir='ltr'><strong>magnus</strong></span> <span class='ocrx_word' id='word_1_168' title='bbox 576 2176 679 2244; x_wconf 87' lang='lat' dir='ltr'><strong>tegitur</strong></span> <span class='ocrx_word' id='word_1_169' title='bbox 695 2176 787 2244; x_wconf 85' lang='lat' dir='ltr'><strong>timor,</strong></span> <span class='ocrx_word' id='word_1_170' title='bbox 808 2187 861 2242; x_wconf 87' lang='lat'><strong>704</strong></span> <span class='ocrx_word' id='word_1_171' title='bbox 878 2175 986 2229; x_wconf 87' lang='lat' dir='ltr'><strong>variam</strong></span> <span class='ocrx_word' id='word_1_172' title='bbox 1005 2191 1117 2246; x_wconf 88' lang='lat' dir='ltr'><strong>semper</strong></span> <span class='ocrx_word' id='word_1_173' title='bbox 1132 2175 1202 2229; x_wconf 84' lang='lat' dir='ltr'><strong>dant</strong></span> <span class='ocrx_word' id='word_1_174' title='bbox 1220 2176 1279 2230; x_wconf 93' lang='lat' dir='ltr'><strong>otia</strong></span> <span class='ocrx_word' id='word_1_175' title='bbox 1294 2186 1433 2244; x_wconf 87' lang='lat' dir='ltr'><strong>mentem,</strong></span> 
     </span>
     <span class='ocr_line' id='line_1_19' title="bbox 290 2261 966 2331; baseline -0.001 -16"><span class='ocrx_word' id='word_1_176' title='bbox 290 2261 342 2328; x_wconf 90' lang='lat'><strong>708</strong></span> <span class='ocrx_word' id='word_1_177' title='bbox 360 2277 417 2330; x_wconf 85' lang='lat' dir='ltr'><strong>qua</strong></span> <span class='ocrx_word' id='word_1_178' title='bbox 429 2262 514 2328; x_wconf 90' lang='lat' dir='ltr'><strong>stetit,</strong></span> <span class='ocrx_word' id='word_1_179' title='bbox 528 2261 593 2317; x_wconf 89' lang='lat' dir='ltr'><strong>inde</strong></span> <span class='ocrx_word' id='word_1_180' title='bbox 605 2261 688 2330; x_wconf 86' lang='lat' dir='ltr'><strong>lavet,</strong></span> <span class='ocrx_word' id='word_1_181' title='bbox 707 2276 760 2330; x_wconf 82' lang='lat'><strong>710</strong></span> <span class='ocrx_word' id='word_1_182' title='bbox 778 2262 862 2316; x_wconf 90' lang='lat' dir='ltr'><strong>odere</strong></span> <span class='ocrx_word' id='word_1_183' title='bbox 875 2278 966 2331; x_wconf 84' lang='lat' dir='ltr'><strong>pares.</strong></span> 
     </span>
    </p>
   </div>
   <div class='ocr_carea' id='block_1_7' title="bbox 220 2383 1436 2630">
    <p class='ocr_par' dir='ltr' id='par_1_7' title="bbox 220 2383 1436 2630">
     <span class='ocr_line' id='line_1_20' title="bbox 220 2383 1436 2455; baseline 0.003 -19"><span class='ocrx_word' id='word_1_184' title='bbox 220 2395 240 2436; x_wconf 92' lang='lat' dir='ltr'>v</span> <span class='ocrx_word' id='word_1_185' title='bbox 259 2383 311 2438; x_wconf 86' lang='lat'><strong>260</strong></span> <span class='ocrx_word' id='word_1_186' title='bbox 335 2383 468 2454; x_wconf 90' lang='lat' dir='ltr'><strong>quicquid</strong></span> <span class='ocrx_word' id='word_1_187' title='bbox 494 2384 590 2439; x_wconf 91' lang='lat' dir='ltr'><strong>multis</strong></span> <span class='ocrx_word' id='word_1_188' title='bbox 614 2393 748 2455; x_wconf 90' lang='lat' dir='ltr'><strong>peccatur</strong></span> <span class='ocrx_word' id='word_1_189' title='bbox 774 2384 894 2438; x_wconf 89' lang='lat' dir='ltr'><strong>inultum</strong></span> <span class='ocrx_word' id='word_1_190' title='bbox 916 2393 968 2450; x_wconf 88' lang='lat' dir='ltr'><strong>est,</strong></span> <span class='ocrx_word' id='word_1_191' title='bbox 997 2397 1049 2454; x_wconf 89' lang='lat'><strong>290</strong></span> <span class='ocrx_word' id='word_1_192' title='bbox 1072 2383 1182 2439; x_wconf 86' lang='lat' dir='ltr'><strong>facinus</strong></span> <span class='ocrx_word' id='word_1_193' title='bbox 1206 2401 1276 2455; x_wconf 90' lang='lat' dir='ltr'><strong>quos</strong></span> <span class='ocrx_word' id='word_1_194' title='bbox 1301 2383 1436 2455; x_wconf 87' lang='lat' dir='ltr'><strong>inquinat</strong></span> 
     </span>
     <span class='ocr_line' id='line_1_21' title="bbox 290 2470 1436 2544; baseline 0.003 -18"><span class='ocrx_word' id='word_1_195' title='bbox 290 2481 399 2541; x_wconf 87' lang='lat' dir='ltr'><strong>aequat,</strong></span> <span class='ocrx_word' id='word_1_196' title='bbox 425 2470 530 2541; x_wconf 78' lang='lat'><strong>692-4</strong></span> <span class='ocrx_word' id='word_1_197' title='bbox 554 2489 614 2528; x_wconf 89' lang='lat' dir='ltr'><strong>sors</strong></span> <span class='ocrx_word' id='word_1_198' title='bbox 634 2473 732 2526; x_wconf 88' lang='lat' dir='ltr'><strong>ultima</strong></span> <span class='ocrx_word' id='word_1_199' title='bbox 756 2489 849 2527; x_wconf 86' lang='lat' dir='ltr'><strong>rerum</strong></span> <span class='ocrx_word' id='word_1_200' title='bbox 868 2471 896 2526; x_wconf 88' lang='lat' dir='ltr'><strong>in</strong></span> <span class='ocrx_word' id='word_1_201' title='bbox 915 2471 1017 2528; x_wconf 91' lang='lat' dir='ltr'><strong>dubios</strong></span> <span class='ocrx_word' id='word_1_202' title='bbox 1039 2489 1122 2528; x_wconf 84' lang='lat' dir='ltr'><strong>casus</strong></span> <span class='ocrx_word' id='word_1_203' title='bbox 1141 2482 1169 2528; x_wconf 91' lang='lat' dir='ltr'><strong>et</strong></span> <span class='ocrx_word' id='word_1_204' title='bbox 1193 2490 1282 2544; x_wconf 86' lang='lat' dir='ltr'><strong>prona</strong></span> <span class='ocrx_word' id='word_1_205' title='bbox 1305 2473 1436 2544; x_wconf 83' lang='lat' dir='ltr'><strong>pericula</strong></span> 
     </span>
     <span class='ocr_line' id='line_1_22' title="bbox 290 2559 679 2630; baseline 0.003 -16"><span class='ocrx_word' id='word_1_206' title='bbox 290 2559 389 2614; x_wconf 88' lang='lat' dir='ltr'><strong>mortis</strong></span> <span class='ocrx_word' id='word_1_207' title='bbox 402 2559 587 2630; x_wconf 87' lang='lat' dir='ltr'><strong>praecipitare</strong></span> <span class='ocrx_word' id='word_1_208' title='bbox 601 2560 679 2615; x_wconf 81' lang='lat' dir='ltr'><strong>solet</strong></span> 
     </span>
    </p>
   </div>
   <div class='ocr_carea' id='block_1_8' title="bbox 219 2653 1437 2938">
    <p class='ocr_par' dir='ltr' id='par_1_8' title="bbox 219 2653 1437 2938">
     <span class='ocr_line' id='line_1_23' title="bbox 219 2653 1436 2762; baseline 0.005 -21"><span class='ocrx_word' id='word_1_209' title='bbox 219 2699 263 2742; x_wconf 80' lang='lat' dir='ltr'><strong>vlt</strong></span> <span class='ocrx_word' id='word_1_210' title='bbox 285 2691 509 2754; x_wconf 81' lang='lat' dir='ltr'><strong>104—-7multos</strong></span> <span class='ocrx_word' id='word_1_211' title='bbox 532 2689 560 2744; x_wconf 90' lang='lat' dir='ltr'><strong>in</strong></span> <span class='ocrx_word' id='word_1_212' title='bbox 583 2706 694 2745; x_wconf 86' lang='lat' dir='ltr'><strong>summa</strong></span> <span class='ocrx_word' id='word_1_213' title='bbox 714 2691 839 2762; x_wconf 87' lang='lat' dir='ltr'><strong>pericula</strong></span> <span class='ocrx_word' id='word_1_214' title='bbox 857 2691 934 2745; x_wconf 87' lang='lat' dir='ltr'><strong>misit</strong></span> <span class='ocrx_word' id='word_1_215' title='bbox 952 2691 1062 2746; x_wconf 89' lang='lat' dir='ltr'><strong>venturi</strong></span> <span class='ocrx_word' id='word_1_216' title='bbox 1083 2691 1170 2746; x_wconf 87' lang='lat' dir='ltr'><strong>timor</strong></span> <span class='ocrx_word' id='word_1_217' title='bbox 1190 2691 1251 2761; x_wconf 88' lang='lat' dir='ltr'><strong>ipse</strong></span> <span class='ocrx_word' id='word_1_218' title='bbox 1269 2693 1337 2746; x_wconf 87' lang='lat' dir='ltr'><strong>mali</strong></span> <span class='ocrx_word' id='word_1_219' title='bbox 1349 2653 1436 2757; x_wconf 44' lang='lat' dir='ltr'><strong>sfor-</strong></span> 
     </span>
     <span class='ocr_line' id='line_1_24' title="bbox 290 2775 1437 2848; baseline 0.007 -20"><span class='ocrx_word' id='word_1_220' title='bbox 290 2775 415 2830; x_wconf 82' lang='lat' dir='ltr'><strong>tlssimus</strong></span> <span class='ocrx_word' id='word_1_221' title='bbox 434 2777 480 2830; x_wconf 90' lang='lat' dir='ltr'><strong>ille</strong></span> <span class='ocrx_word' id='word_1_222' title='bbox 498 2787 541 2832; x_wconf 89' lang='lat' dir='ltr'><strong>est</strong></span> <span class='ocrx_word' id='word_1_223' title='bbox 560 2777 607 2848; x_wconf 91' lang='lat' dir='ltr'><strong>qui</strong></span> <span class='ocrx_word' id='word_1_224' title='bbox 627 2787 773 2848; x_wconf 90' lang='lat' dir='ltr'><strong>promptus</strong></span> <span class='ocrx_word' id='word_1_225' title='bbox 792 2778 945 2832; x_wconf 88' lang='lat' dir='ltr'><strong>metuenda</strong></span> <span class='ocrx_word' id='word_1_226' title='bbox 963 2779 1030 2848; x_wconf 90' lang='lat' dir='ltr'><strong>pati,</strong></span> <span class='ocrx_word' id='word_1_227' title='bbox 1050 2779 1072 2832; x_wconf 89' lang='lat' dir='ltr'><strong>si</strong></span> <span class='ocrx_word' id='word_1_228' title='bbox 1092 2779 1252 2833; x_wconf 90' lang='lat' dir='ltr'><strong>comminus</strong></span> <span class='ocrx_word' id='word_1_229' title='bbox 1269 2780 1386 2848; x_wconf 86' lang='lat' dir='ltr'><strong>instent,</strong></span> <span class='ocrx_word' id='word_1_230' title='bbox 1404 2792 1437 2838; x_wconf 90' lang='lat' dir='ltr'><strong>et</strong></span> 
     </span>
     <span class='ocr_line' id='line_1_25' title="bbox 290 2862 1270 2938; baseline 0.004 -21"><span class='ocrx_word' id='word_1_231' title='bbox 290 2862 401 2918; x_wconf 81' lang='lat' dir='ltr'><strong>differre</strong></span> <span class='ocrx_word' id='word_1_232' title='bbox 414 2873 514 2933; x_wconf 88' lang='lat' dir='ltr'><strong>potest,</strong></span> <span class='ocrx_word' id='word_1_233' title='bbox 534 2866 586 2932; x_wconf 77' lang='lat'><strong>263</strong></span> <span class='ocrx_word' id='word_1_234' title='bbox 605 2866 681 2920; x_wconf 87' lang='lat' dir='ltr'><strong>nulla</strong></span> <span class='ocrx_word' id='word_1_235' title='bbox 698 2881 799 2920; x_wconf 88' lang='lat' dir='ltr'><strong>manus</strong></span> <span class='ocrx_word' id='word_1_236' title='bbox 814 2866 880 2920; x_wconf 88' lang='lat' dir='ltr'><strong>belli</strong></span> <span class='ocrx_word' id='word_1_237' title='bbox 898 2875 1006 2920; x_wconf 88' lang='lat' dir='ltr'><strong>mutato</strong></span> <span class='ocrx_word' id='word_1_238' title='bbox 1025 2866 1118 2922; x_wconf 87' lang='lat' dir='ltr'><strong>iudice</strong></span> <span class='ocrx_word' id='word_1_239' title='bbox 1135 2883 1206 2938; x_wconf 88' lang='lat' dir='ltr'><strong>pura</strong></span> <span class='ocrx_word' id='word_1_240' title='bbox 1220 2876 1270 2922; x_wconf 86' lang='lat' dir='ltr'><strong>est.</strong></span> 
     </span>
    </p>
   </div>
   <div class='ocr_carea' id='block_1_9' title="bbox 217 2987 1523 3585">
    <p class='ocr_par' dir='ltr' id='par_1_9' title="bbox 217 2987 1523 3585">
     <span class='ocr_line' id='line_1_26' title="bbox 217 2987 1438 3061; baseline 0.008 -23"><span class='ocrx_word' id='word_1_241' title='bbox 217 2997 276 3040; x_wconf 92' lang='lat' dir='ltr'>v111</span> <span class='ocrx_word' id='word_1_242' title='bbox 295 3001 396 3054; x_wconf 85' lang='lat'>29-31</span> <span class='ocrx_word' id='word_1_243' title='bbox 419 2987 473 3041; x_wconf 92' lang='lat' dir='ltr'><strong>nisi</strong></span> <span class='ocrx_word' id='word_1_244' title='bbox 493 3005 603 3042; x_wconf 88' lang='lat' dir='ltr'><strong>summa</strong></span> <span class='ocrx_word' id='word_1_245' title='bbox 622 2989 683 3044; x_wconf 90' lang='lat' dir='ltr'><strong>dies</strong></span> <span class='ocrx_word' id='word_1_246' title='bbox 701 3005 765 3043; x_wconf 89' lang='lat' dir='ltr'><strong>cum</strong></span> <span class='ocrx_word' id='word_1_247' title='bbox 785 2987 840 3044; x_wconf 88' lang='lat' dir='ltr'><strong>fine</strong></span> <span class='ocrx_word' id='word_1_248' title='bbox 858 2989 997 3044; x_wconf 91' lang='lat' dir='ltr'><strong>bonorum</strong></span> <span class='ocrx_word' id='word_1_249' title='bbox 1016 2989 1104 3044; x_wconf 86' lang='lat' dir='ltr'><strong>adfuit</strong></span> <span class='ocrx_word' id='word_1_250' title='bbox 1126 2999 1154 3044; x_wconf 89' lang='lat' dir='ltr'><strong>et</strong></span> <span class='ocrx_word' id='word_1_251' title='bbox 1174 2990 1257 3045; x_wconf 90' lang='lat' dir='ltr'><strong>celeri</strong></span> <span class='ocrx_word' id='word_1_252' title='bbox 1278 2993 1438 3061; x_wconf 86' lang='lat' dir='ltr'><strong>praevertit</strong></span> 
     </span>
     <span class='ocr_line' id='line_1_27' title="bbox 290 3073 1438 3150; baseline 0.007 -24"><span class='ocrx_word' id='word_1_253' title='bbox 290 3073 381 3127; x_wconf 88' lang='lat' dir='ltr'><strong>tristia</strong></span> <span class='ocrx_word' id='word_1_254' title='bbox 398 3074 462 3142; x_wconf 90' lang='lat' dir='ltr'><strong>leto,</strong></span> <span class='ocrx_word' id='word_1_255' title='bbox 481 3075 611 3130; x_wconf 86' lang='lat' dir='ltr'><strong>dedecori</strong></span> <span class='ocrx_word' id='word_1_256' title='bbox 631 3085 674 3130; x_wconf 91' lang='lat' dir='ltr'><strong>est</strong></span> <span class='ocrx_word' id='word_1_257' title='bbox 692 3076 804 3130; x_wconf 86' lang='lat' dir='ltr'><strong>fortuna</strong></span> <span class='ocrx_word' id='word_1_258' title='bbox 821 3075 904 3146; x_wconf 79' lang='lat' dir='ltr'><strong>prior,</strong></span> <span class='ocrx_word' id='word_1_259' title='bbox 918 3091 966 3142; x_wconf 88' lang='lat'><strong>241</strong></span> <span class='ocrx_word' id='word_1_260' title='bbox 987 3076 1015 3129; x_wconf 89' lang='lat' dir='ltr'><strong>in</strong></span> <span class='ocrx_word' id='word_1_261' title='bbox 1034 3076 1128 3132; x_wconf 86' lang='lat' dir='ltr'><strong>dubiis</strong></span> <span class='ocrx_word' id='word_1_262' title='bbox 1146 3087 1245 3144; x_wconf 56' lang='lat' dir='ltr'><strong>tutum,</strong></span> <span class='ocrx_word' id='word_1_263' title='bbox 1255 3087 1298 3132; x_wconf 88' lang='lat' dir='ltr'><strong>est</strong></span> <span class='ocrx_word' id='word_1_264' title='bbox 1317 3079 1438 3150; x_wconf 84' lang='lat' dir='ltr'><strong>inopem</strong></span> 
     </span>
     <span class='ocr_line' id='line_1_28' title="bbox 290 3161 1441 3234; baseline 0.007 -20"><span class='ocrx_word' id='word_1_265' title='bbox 290 3161 422 3216; x_wconf 89' lang='lat' dir='ltr'><strong>simulare</strong></span> <span class='ocrx_word' id='word_1_266' title='bbox 436 3173 564 3232; x_wconf 88' lang='lat' dir='ltr'><strong>tyranno,</strong></span> <span class='ocrx_word' id='word_1_267' title='bbox 578 3177 683 3234; x_wconf 77' lang='lat'><strong>452—3</strong></span> <span class='ocrx_word' id='word_1_268' title='bbox 701 3165 740 3218; x_wconf 91' lang='lat' dir='ltr'><strong>nil</strong></span> <span class='ocrx_word' id='word_1_269' title='bbox 753 3165 839 3234; x_wconf 91' lang='lat' dir='ltr'><strong>pudet</strong></span> <span class='ocrx_word' id='word_1_270' title='bbox 852 3164 985 3219; x_wconf 89' lang='lat' dir='ltr'><strong>adsuetos</strong></span> <span class='ocrx_word' id='word_1_271' title='bbox 999 3165 1133 3234; x_wconf 87' lang='lat' dir='ltr'><strong>sceptris;</strong></span> <span class='ocrx_word' id='word_1_272' title='bbox 1151 3165 1302 3220; x_wconf 89' lang='lat' dir='ltr'><strong>mitissima</strong></span> <span class='ocrx_word' id='word_1_273' title='bbox 1314 3183 1377 3220; x_wconf 87' lang='lat' dir='ltr'><strong>sors</strong></span> <span class='ocrx_word' id='word_1_274' title='bbox 1390 3178 1441 3224; x_wconf 85' lang='lat' dir='ltr'><strong>est</strong></span> 
     </span>
     <span class='ocr_line' id='line_1_29' title="bbox 290 3252 1441 3322; baseline 0.007 -20"><span class='ocrx_word' id='word_1_275' title='bbox 290 3266 439 3318; x_wconf 88' lang='lat' dir='ltr'><strong>regnorum</strong></span> <span class='ocrx_word' id='word_1_276' title='bbox 456 3252 508 3305; x_wconf 90' lang='lat' dir='ltr'><strong>sub</strong></span> <span class='ocrx_word' id='word_1_277' title='bbox 526 3269 592 3322; x_wconf 86' lang='lat' dir='ltr'><strong>rege</strong></span> <span class='ocrx_word' id='word_1_278' title='bbox 609 3269 691 3321; x_wconf 90' lang='lat' dir='ltr'><strong>novo,</strong></span> <span class='ocrx_word' id='word_1_279' title='bbox 711 3266 814 3322; x_wconf 84' lang='lat'><strong>454-5</strong></span> <span class='ocrx_word' id='word_1_280' title='bbox 833 3262 971 3322; x_wconf 87' lang='lat' dir='ltr'><strong>quantum</strong></span> <span class='ocrx_word' id='word_1_281' title='bbox 988 3269 1053 3322; x_wconf 89' lang='lat' dir='ltr'><strong>spes</strong></span> <span class='ocrx_word' id='word_1_282' title='bbox 1068 3253 1166 3308; x_wconf 89' lang='lat' dir='ltr'><strong>ultima</strong></span> <span class='ocrx_word' id='word_1_283' title='bbox 1182 3271 1275 3308; x_wconf 88' lang='lat' dir='ltr'><strong>rerum</strong></span> <span class='ocrx_word' id='word_1_284' title='bbox 1293 3254 1441 3311; x_wconf 89' lang='lat' dir='ltr'><strong>libertatis</strong></span> 
     </span>
     <span class='ocr_line' id='line_1_30' title="bbox 290 3329 1441 3410; baseline 0.005 -19"><span class='ocrx_word' id='word_1_285' title='bbox 290 3329 385 3404; x_wconf 86' lang='lat' dir='ltr'><strong>habet,</strong></span> <span class='ocrx_word' id='word_1_286' title='bbox 410 3337 524 3404; x_wconf 88' lang='lat'>484—7</span> <span class='ocrx_word' id='word_1_287' title='bbox 543 3337 603 3392; x_wconf 89' lang='lat' dir='ltr'><strong>‘ius</strong></span> <span class='ocrx_word' id='word_1_288' title='bbox 626 3349 654 3393; x_wconf 90' lang='lat' dir='ltr'><strong>et</strong></span> <span class='ocrx_word' id='word_1_289' title='bbox 678 3340 721 3393; x_wconf 88' lang='lat' dir='ltr'><strong>sas</strong></span> <span class='ocrx_word' id='word_1_290' title='bbox 743 3340 847 3394; x_wconf 90' lang='lat' dir='ltr'><strong>multos</strong></span> <span class='ocrx_word' id='word_1_291' title='bbox 872 3339 988 3410; x_wconf 81' lang='lat' dir='ltr'><strong>iaciunt,</strong></span> <span class='ocrx_word' id='word_1_292' title='bbox 1012 3340 1181 3408; x_wconf 90' lang='lat' dir='ltr'><strong>Ptolemaee,</strong></span> <span class='ocrx_word' id='word_1_293' title='bbox 1206 3340 1344 3396; x_wconf 89' lang='lat' dir='ltr'><strong>nocentis.</strong></span> <span class='ocrx_word' id='word_1_294' title='bbox 1385 3343 1441 3398; x_wconf 86' lang='lat' dir='ltr'><strong>dat</strong></span> 
     </span>
     <span class='ocr_line' id='line_1_31' title="bbox 289 3426 1444 3499; baseline 0.005 -19"><span class='ocrx_word' id='word_1_295' title='bbox 289 3442 396 3496; x_wconf 88' lang='lat' dir='ltr'><strong>poenas</strong></span> <span class='ocrx_word' id='word_1_296' title='bbox 416 3426 531 3480; x_wconf 87' lang='lat' dir='ltr'><strong>laudata</strong></span> <span class='ocrx_word' id='word_1_297' title='bbox 543 3426 613 3481; x_wconf 88' lang='lat' dir='ltr'><strong>fides</strong></span> <span class='ocrx_word' id='word_1_298' title='bbox 629 3445 693 3482; x_wconf 85' lang='lat' dir='ltr'><strong>curn</strong></span> <span class='ocrx_word' id='word_1_299' title='bbox 712 3428 830 3483; x_wconf 85' lang='lat' dir='ltr'><strong>sustinet</strong></span> <span class='ocrx_word' id='word_1_300' title='bbox 838 3429 853 3497; x_wconf 81' lang='lat'><strong>²,</strong></span> <span class='ocrx_word' id='word_1_301' title='bbox 874 3427 972 3498; x_wconf 92' lang='lat' dir='ltr'><strong>inquit,</strong></span> <span class='ocrx_word' id='word_1_302' title='bbox 993 3430 1083 3498; x_wconf 91' lang='lat' dir='ltr'><strong>‘quos</strong></span> <span class='ocrx_word' id='word_1_303' title='bbox 1096 3427 1208 3483; x_wconf 91' lang='lat' dir='ltr'><strong>sortuna</strong></span> <span class='ocrx_word' id='word_1_304' title='bbox 1225 3428 1349 3499; x_wconf 90' lang='lat' dir='ltr'><strong>premit:</strong></span> <span class='ocrx_word' id='word_1_305' title='bbox 1368 3429 1444 3486; x_wconf 77' lang='lat' dir='ltr'><strong>latis</strong></span> 
     </span>
     <span class='ocr_line' id='line_1_32' title="bbox 290 3507 1523 3585; baseline 0.006 -20"><span class='ocrx_word' id='word_1_306' title='bbox 290 3511 394 3567; x_wconf 91' lang='lat' dir='ltr'><strong>accede</strong></span> <span class='ocrx_word' id='word_1_307' title='bbox 406 3512 531 3583; x_wconf 88' lang='lat' dir='ltr'><strong>deisque,</strong></span> <span class='ocrx_word' id='word_1_308' title='bbox 545 3525 572 3568; x_wconf 90' lang='lat' dir='ltr'><strong>et</strong></span> <span class='ocrx_word' id='word_1_309' title='bbox 585 3515 646 3570; x_wconf 89' lang='lat' dir='ltr'><strong>cole</strong></span> <span class='ocrx_word' id='word_1_310' title='bbox 659 3515 769 3581; x_wconf 80' lang='lat' dir='ltr'><strong>felices3</strong></span> <span class='ocrx_word' id='word_1_311' title='bbox 789 3515 909 3570; x_wconf 89' lang='lat' dir='ltr'><strong>miseros</strong></span> <span class='ocrx_word' id='word_1_312' title='bbox 922 3515 1006 3585; x_wconf 84' lang='lat' dir='ltr'><strong>fuge’.</strong></span> <span class='ocrx_word' id='word_1_313' title='bbox 1522 3507 1523 3520; x_wconf 48' lang='lat'>¹</span> 
     </span>
    </p>
   </div>
   <div class='ocr_carea' id='block_1_10' title="bbox 289 3625 1275 4224">
    <p class='ocr_par' dir='ltr' id='par_1_10' title="bbox 289 3625 1275 4224">
     <span class='ocr_line' id='line_1_33' title="bbox 289 3625 1127 3698; baseline 0.004 -19"><span class='ocrx_word' id='word_1_314' title='bbox 289 3625 411 3694; x_wconf 77' lang='lat'>489—95</span> <span class='ocrx_word' id='word_1_315' title='bbox 448 3637 623 3696; x_wconf 90' lang='lat' dir='ltr'><strong>sceptrorum</strong></span> <span class='ocrx_word' id='word_1_316' title='bbox 641 3629 684 3681; x_wconf 87' lang='lat' dir='ltr'><strong>vis</strong></span> <span class='ocrx_word' id='word_1_317' title='bbox 702 3637 762 3683; x_wconf 85' lang='lat' dir='ltr'><strong>tota</strong></span> <span class='ocrx_word' id='word_1_318' title='bbox 780 3628 852 3698; x_wconf 90' lang='lat' dir='ltr'><strong>perit</strong></span> <span class='ocrx_word' id='word_1_319' title='bbox 871 3628 894 3681; x_wconf 92' lang='lat' dir='ltr'><strong>si</strong></span> <span class='ocrx_word' id='word_1_320' title='bbox 913 3627 1035 3698; x_wconf 89' lang='lat' dir='ltr'><strong>pendere</strong></span> <span class='ocrx_word' id='word_1_321' title='bbox 1052 3628 1127 3683; x_wconf 86' lang='lat' dir='ltr'><strong>iusta</strong></span> 
     </span>
     <span class='ocr_line' id='line_1_34' title="bbox 447 3713 1127 3787; baseline 0.004 -20"><span class='ocrx_word' id='word_1_322' title='bbox 447 3713 554 3786; x_wconf 90' lang='lat' dir='ltr'><strong>incipit,</strong></span> <span class='ocrx_word' id='word_1_323' title='bbox 574 3716 728 3786; x_wconf 88' lang='lat' dir='ltr'><strong>evertitque</strong></span> <span class='ocrx_word' id='word_1_324' title='bbox 747 3733 826 3772; x_wconf 89' lang='lat' dir='ltr'><strong>arces</strong></span> <span class='ocrx_word' id='word_1_325' title='bbox 845 3725 989 3787; x_wconf 89' lang='lat' dir='ltr'><strong>respectus</strong></span> <span class='ocrx_word' id='word_1_326' title='bbox 1007 3715 1127 3770; x_wconf 85' lang='lat' dir='ltr'><strong>honesti.</strong></span> 
     </span>
     <span class='ocr_line' id='line_1_35' title="bbox 448 3802 1201 3875; baseline 0.004 -19"><span class='ocrx_word' id='word_1_327' title='bbox 448 3802 562 3858; x_wconf 77' lang='lat' dir='ltr'><strong>libertas</strong></span> <span class='ocrx_word' id='word_1_328' title='bbox 582 3804 719 3859; x_wconf 89' lang='lat' dir='ltr'><strong>scelerum</strong></span> <span class='ocrx_word' id='word_1_329' title='bbox 739 3813 782 3858; x_wconf 90' lang='lat' dir='ltr'><strong>est</strong></span> <span class='ocrx_word' id='word_1_330' title='bbox 800 3821 873 3875; x_wconf 88' lang='lat' dir='ltr'><strong>quae</strong></span> <span class='ocrx_word' id='word_1_331' title='bbox 892 3821 980 3874; x_wconf 81' lang='lat' dir='ltr'><strong>regna</strong></span> <span class='ocrx_word' id='word_1_332' title='bbox 998 3803 1090 3859; x_wconf 89' lang='lat' dir='ltr'><strong>invisa</strong></span> <span class='ocrx_word' id='word_1_333' title='bbox 1108 3813 1201 3859; x_wconf 89' lang='lat' dir='ltr'><strong>tuetur</strong></span> 
     </span>
     <span class='ocr_line' id='line_1_36' title="bbox 448 3890 1218 3960; baseline 0.006 -17"><span class='ocrx_word' id='word_1_334' title='bbox 448 3891 630 3960; x_wconf 90' lang='lat' dir='ltr'><strong>sublatusque</strong></span> <span class='ocrx_word' id='word_1_335' title='bbox 648 3891 750 3945; x_wconf 92' lang='lat' dir='ltr'><strong>modus</strong></span> <span class='ocrx_word' id='word_1_336' title='bbox 769 3891 889 3960; x_wconf 87' lang='lat' dir='ltr'><strong>gladiis:</strong></span> <span class='ocrx_word' id='word_1_337' title='bbox 908 3891 1002 3946; x_wconf 87' lang='lat' dir='ltr'><strong>facere</strong></span> <span class='ocrx_word' id='word_1_338' title='bbox 1021 3890 1117 3946; x_wconf 87' lang='lat' dir='ltr'><strong>omnia</strong></span> <span class='ocrx_word' id='word_1_339' title='bbox 1135 3907 1218 3948; x_wconf 86' lang='lat' dir='ltr'><strong>saeve</strong></span> 
     </span>
     <span class='ocr_line' id='line_1_37' title="bbox 447 3978 1262 4048; baseline 0.004 -17"><span class='ocrx_word' id='word_1_340' title='bbox 447 3995 504 4032; x_wconf 94' lang='lat' dir='ltr'><strong>non</strong></span> <span class='ocrx_word' id='word_1_341' title='bbox 523 3978 638 4048; x_wconf 91' lang='lat' dir='ltr'><strong>impune</strong></span> <span class='ocrx_word' id='word_1_342' title='bbox 656 3979 721 4034; x_wconf 85' lang='lat' dir='ltr'><strong>licet</strong></span> <span class='ocrx_word' id='word_1_343' title='bbox 740 3979 794 4034; x_wconf 89' lang='lat' dir='ltr'><strong>nisi</strong></span> <span class='ocrx_word' id='word_1_344' title='bbox 813 3997 878 4034; x_wconf 86' lang='lat' dir='ltr'><strong>cum</strong></span> <span class='ocrx_word' id='word_1_345' title='bbox 896 3978 975 4034; x_wconf 84' lang='lat' dir='ltr'><strong>sacis.</strong></span> <span class='ocrx_word' id='word_1_346' title='bbox 1012 3989 1092 4035; x_wconf 88' lang='lat' dir='ltr'><strong>exeat</strong></span> <span class='ocrx_word' id='word_1_347' title='bbox 1112 3981 1178 4034; x_wconf 86' lang='lat' dir='ltr'><strong>aula</strong></span> <span class='ocrx_word' id='word_1_348' title='bbox 1258 3995 1262 4004; x_wconf 91' lang='grc'><strong>’</strong></span> 
     </span>
     <span class='ocr_line' id='line_1_38' title="bbox 447 4066 1177 4138; baseline 0.007 -20"><span class='ocrx_word' id='word_1_349' title='bbox 447 4066 495 4135; x_wconf 93' lang='lat' dir='ltr'><strong>qui</strong></span> <span class='ocrx_word' id='word_1_350' title='bbox 514 4067 572 4120; x_wconf 89' lang='lat' dir='ltr'><strong>volt</strong></span> <span class='ocrx_word' id='word_1_351' title='bbox 590 4083 653 4121; x_wconf 91' lang='lat' dir='ltr'><strong>esse</strong></span> <span class='ocrx_word' id='word_1_352' title='bbox 671 4067 748 4138; x_wconf 90' lang='lat' dir='ltr'><strong>pius:</strong></span> <span class='ocrx_word' id='word_1_353' title='bbox 768 4067 856 4122; x_wconf 85' lang='lat' dir='ltr'><strong>virtus</strong></span> <span class='ocrx_word' id='word_1_354' title='bbox 875 4076 903 4121; x_wconf 92' lang='lat' dir='ltr'><strong>et</strong></span> <span class='ocrx_word' id='word_1_355' title='bbox 922 4083 1033 4122; x_wconf 85' lang='lat' dir='ltr'><strong>summa</strong></span> <span class='ocrx_word' id='word_1_356' title='bbox 1051 4077 1177 4138; x_wconf 87' lang='lat' dir='ltr'><strong>potestas</strong></span> 
     </span>
     <span class='ocr_line' id='line_1_39' title="bbox 448 4153 1275 4224; baseline 0.006 -20"><span class='ocrx_word' id='word_1_357' title='bbox 448 4167 505 4204; x_wconf 92' lang='lat' dir='ltr'><strong>non</strong></span> <span class='ocrx_word' id='word_1_358' title='bbox 525 4161 642 4206; x_wconf 87' lang='lat' dir='ltr'><strong>coeunt:</strong></span> <span class='ocrx_word' id='word_1_359' title='bbox 662 4169 773 4223; x_wconf 90' lang='lat' dir='ltr'><strong>semper</strong></span> <span class='ocrx_word' id='word_1_360' title='bbox 790 4163 897 4208; x_wconf 90' lang='lat' dir='ltr'><strong>metuet</strong></span> <span class='ocrx_word' id='word_1_361' title='bbox 915 4169 1000 4224; x_wconf 92' lang='lat' dir='ltr'><strong>quem</strong></span> <span class='ocrx_word' id='word_1_362' title='bbox 1019 4169 1104 4207; x_wconf 88' lang='lat' dir='ltr'><strong>saeva</strong></span> <span class='ocrx_word' id='word_1_363' title='bbox 1122 4153 1275 4222; x_wconf 88' lang='lat' dir='ltr'><strong>pudebunt.</strong></span> 
     </span>
    </p>
   </div>
   <div class='ocr_carea' id='block_1_11' title="bbox 289 4251 1520 4420">
    <p class='ocr_par' dir='ltr' id='par_1_11' title="bbox 289 4251 1520 4420">
     <span class='ocr_line' id='line_1_40' title="bbox 291 4251 1520 4328; baseline 0.012 -24"><span class='ocrx_word' id='word_1_364' title='bbox 291 4263 340 4320; x_wconf 84' lang='lat'><strong>527</strong></span> <span class='ocrx_word' id='word_1_365' title='bbox 354 4251 445 4306; x_wconf 88' lang='lat' dir='ltr'><strong>metiri</strong></span> <span class='ocrx_word' id='word_1_366' title='bbox 458 4269 510 4306; x_wconf 90' lang='lat' dir='ltr'><strong>sua</strong></span> <span class='ocrx_word' id='word_1_367' title='bbox 522 4269 608 4324; x_wconf 86' lang='lat' dir='ltr'><strong>regna</strong></span> <span class='ocrx_word' id='word_1_368' title='bbox 626 4255 706 4309; x_wconf 91' lang='lat' dir='ltr'><strong>decet</strong></span> <span class='ocrx_word' id='word_1_369' title='bbox 725 4255 854 4328; x_wconf 87' lang='lat' dir='ltr'><strong>viresque</strong></span> <span class='ocrx_word' id='word_1_370' title='bbox 872 4255 961 4323; x_wconf 87' lang='lat' dir='ltr'><strong>lateri,</strong></span> <span class='ocrx_word' id='word_1_371' title='bbox 981 4269 1085 4325; x_wconf 80' lang='lat'>534-5</span> <span class='ocrx_word' id='word_1_372' title='bbox 1107 4255 1234 4312; x_wconf 87' lang='lat' dir='ltr'><strong>adversis</strong></span> <span class='ocrx_word' id='word_1_373' title='bbox 1253 4274 1311 4312; x_wconf 92' lang='lat' dir='ltr'><strong>non</strong></span> <span class='ocrx_word' id='word_1_374' title='bbox 1333 4259 1450 4320; x_wconf 86' lang='lat' dir='ltr'><strong>deesse</strong></span> <span class='ocrx_word' id='word_1_375' title='bbox 1519 4273 1520 4282; x_wconf 59' lang='lat'>¹</span> 
     </span>
     <span class='ocr_line' id='line_1_41' title="bbox 289 4337 1447 4420; baseline 0.01 -28"><span class='ocrx_word' id='word_1_376' title='bbox 289 4337 380 4406; x_wconf 87' lang='lat' dir='ltr'><strong>decet,</strong></span> <span class='ocrx_word' id='word_1_377' title='bbox 401 4339 451 4393; x_wconf 89' lang='lat' dir='ltr'><strong>sed</strong></span> <span class='ocrx_word' id='word_1_378' title='bbox 473 4339 546 4394; x_wconf 87' lang='lat' dir='ltr'><strong>laeta</strong></span> <span class='ocrx_word' id='word_1_379' title='bbox 567 4351 697 4396; x_wconf 89' lang='lat' dir='ltr'><strong>secutos:</strong></span> <span class='ocrx_word' id='word_1_380' title='bbox 717 4343 794 4396; x_wconf 88' lang='lat' dir='ltr'><strong>nulla</strong></span> <span class='ocrx_word' id='word_1_381' title='bbox 816 4343 886 4396; x_wconf 86' lang='lat' dir='ltr'><strong>fides</strong></span> <span class='ocrx_word' id='word_1_382' title='bbox 904 4359 1039 4412; x_wconf 88' lang='lat' dir='ltr'><strong>umquam</strong></span> <span class='ocrx_word' id='word_1_383' title='bbox 1060 4343 1178 4397; x_wconf 90' lang='lat' dir='ltr'><strong>miseros</strong></span> <span class='ocrx_word' id='word_1_384' title='bbox 1203 4344 1287 4415; x_wconf 78' lang='lat' dir='ltr'><strong>elegit</strong></span> <span class='ocrx_word' id='word_1_385' title='bbox 1314 4347 1447 4420; x_wconf 88' lang='lat' dir='ltr'><strong>amicos,</strong></span> 
     </span>
    </p>
   </div>
   <div class='ocr_carea' id='block_1_12' title="bbox 289 4427 1121 4500">
    <p class='ocr_par' dir='ltr' id='par_1_12' title="bbox 289 4427 1121 4500">
     <span class='ocr_line' id='line_1_42' title="bbox 289 4427 1121 4500; baseline 0.012 -20"><span class='ocrx_word' id='word_1_386' title='bbox 289 4427 393 4493; x_wconf 86' lang='lat' dir='ltr'><strong>63r—2</strong></span> <span class='ocrx_word' id='word_1_387' title='bbox 413 4436 558 4482; x_wconf 84' lang='lat' dir='ltr'><strong>mutantur</strong></span> <span class='ocrx_word' id='word_1_388' title='bbox 570 4445 703 4499; x_wconf 88' lang='lat' dir='ltr'><strong>prospera</strong></span> <span class='ocrx_word' id='word_1_389' title='bbox 716 4431 798 4500; x_wconf 85' lang='lat' dir='ltr'><strong>ritae,</strong></span> <span class='ocrx_word' id='word_1_390' title='bbox 812 4448 868 4486; x_wconf 92' lang='lat' dir='ltr'><strong>non</strong></span> <span class='ocrx_word' id='word_1_391' title='bbox 882 4431 913 4486; x_wconf 88' lang='lat' dir='ltr'><strong>fit</strong></span> <span class='ocrx_word' id='word_1_392' title='bbox 926 4441 1016 4486; x_wconf 88' lang='lat' dir='ltr'><strong>morte</strong></span> <span class='ocrx_word' id='word_1_393' title='bbox 1030 4431 1121 4489; x_wconf 88' lang='lat' dir='ltr'><strong>miser.</strong></span> 
     </span>
    </p>
   </div>
   <div class='ocr_carea' id='block_1_13' title="bbox 0 0 1546 4954">
    <p class='ocr_par' dir='ltr' id='par_1_13' title="bbox 0 0 1546 4954">
     <span class='ocr_line' id='line_1_43' title="bbox 0 0 1546 4954; baseline 0 0"><span class='ocrx_word' id='word_1_394' title='bbox 0 0 1546 4954; x_wconf 95' lang='lat' dir='ltr'><strong> </strong></span> 
     </span>
    </p>
   </div>
  </div>
 </body>
</html>
