2966 4948
414 359 558 426 arasa
589 361 649 428 ιν.
682 361 860 444 561—609.

129 531 166 586 et
191 522 356 607 Clupeam
379 526 487 590 tenuit
509 527 665 591 stationis
689 527 786 592 litora
809 535 929 592 notae:

128 627 307 711 primaque
328 639 438 694 castra
460 629 550 695 locat
573 652 658 696 cano
681 631 796 715 procul
820 651 963 715 aequore
986 649 1112 714 quase

129 730 288 816 Bagrada
309 733 419 800 lentus
442 735 513 818 agit
536 736 644 800 siccae
667 735 813 802 sulcator
835 735 989 800 harenae.

129 834 212 900 inde
235 839 319 921 petit
341 838 489 904 tumulos
511 860 698 925 exesasque
721 841 868 925 undique
891 861 998 924 rupes,

130 937 260 1004 Antaei
283 963 368 1025 quae
392 963 494 1026 regna
517 955 615 1010 uocat
638 967 706 1010 non
730 967 816 1010 uana
840 955 996 1011 uetustas.
1108 959 1171 1026 590

131 1044 278 1108 nominis
300 1046 429 1130 antiqui
452 1049 642 1132 cupientem
665 1069 802 1114 noscere
824 1069 942 1114 causas

132 1149 270 1230 cognita
292 1169 352 1232 per
374 1151 499 1216 multos
521 1153 636 1218 docuit
659 1153 750 1218 rudis
773 1153 882 1218 incola
905 1163 1024 1236 patres.

132 1253 286 1316 nondum
309 1265 386 1338 post
408 1257 540 1338 genitos
564 1255 679 1321 Tellus
702 1257 802 1322 effeta
826 1256 989 1340 Gigantas

132 1357 315 1423 terribilem
340 1360 474 1443 Libycis
496 1371 629 1445 partum
652 1362 805 1445 concepit
828 1363 861 1425 in
884 1362 996 1426 antris.

133 1481 197 1524 nec
220 1471 290 1526 tam
313 1463 400 1528 iusta
423 1463 485 1528 suit
508 1475 669 1530 terrarum
691 1465 798 1548 gloria
820 1463 967 1548 Typhon
1108 1473 1168 1543 595

130 1575 192 1630 aut
215 1566 335 1650 Tityos
359 1569 581 1654 Briareusque
604 1570 722 1634 ferox:
751 1569 911 1652 caeloque
934 1567 1083 1653 pepercit

133 1671 225 1750 quod
250 1691 317 1735 non
340 1671 529 1756 Phlegraeis
552 1673 725 1737 Antaeum
748 1671 881 1737 sustulit
904 1673 1001 1736 aruis.

134 1774 199 1840 hoc
222 1795 356 1860 quoque
379 1787 449 1842 tam
472 1789 584 1844 uastas
607 1779 791 1844 cumulauit
814 1798 950 1842 munere
973 1777 1058 1842 uires

135 1887 224 1944 terra
247 1882 297 1945 sui
320 1881 415 1962 letus,
437 1884 528 1966 quod
552 1905 628 1948 cum
651 1883 791 1967 tetigere
813 1891 985 1966 parentem

135 1987 204 2050 iam
228 1987 359 2053 desecta
383 1990 498 2073 uigent
521 1999 684 2054 renouato
706 1990 825 2054 robore
848 1987 1007 2052 membra.
1105 1986 1173 2050 600

134 2089 218 2156 haec
241 2092 288 2156 illi
310 2092 469 2175 spelunca
491 2094 629 2157 domus:
660 2092 795 2157 latuisse
818 2091 881 2155 sub
904 2089 973 2154 alta

135 2216 219 2278 rupe
243 2197 360 2276 ferunt,
382 2198 497 2282 epulas
520 2207 634 2282 raptos
656 2197 812 2262 habuisse
836 2195 955 2259 leones

135 2299 179 2363 ad
202 2321 340 2364 somnos
362 2321 429 2366 non
452 2311 546 2385 terga
569 2301 657 2366 letae
679 2300 837 2385 praebere
860 2297 969 2364 cubile

135 2404 327 2483 adsuerunt,
350 2425 418 2469 non
440 2406 525 2470 silua
548 2415 677 2470 torum:
706 2405 860 2488 uiresque
882 2403 1020 2468 resumit

136 2507 170 2570 in
194 2509 286 2572 nuda
307 2508 425 2574 tellure
448 2509 570 2576 iacens.
616 2511 741 2593 periere
765 2509 874 2573 coloni
1106 2505 1169 2586 605

136 2631 292 2676 aruorum
315 2613 461 2696 Libyes:
489 2624 630 2698 pereunt
652 2635 736 2698 quos
759 2613 890 2696 adpulit
912 2633 1056 2696 aequor:

136 2717 332 2801 auxilioque
354 2719 410 2782 diu
435 2720 540 2784 uirtus
563 2741 629 2784 non
655 2741 715 2784 usa
737 2719 879 2783 cadendi

137 2831 245 2885 terrae
267 2823 394 2905 spernit
416 2845 517 2907 opes:
548 2824 692 2888 inuictus
715 2824 834 2887 robore
856 2823 983 2886 cunctis

137 2926 291 3009 quamuis
314 2935 418 2991 staret
440 2936 519 2992 erat.
564 2929 702 2991 tandem
727 2926 864 3010 uolgata
886 2925 1012 2990 cruenti

86 3145 139 3205 5⁸6.
171 3147 297 3209 statrbne's]
333 3147 389 3197 The
411 3147 483 3212 place
508 3147 530 3198 is
552 3147 632 3198 called
674 3147 775 3198 handed
792 3146 867 3196 down
884 3146 993 3211 through
1010 3161 1086 3209 many
1100 3144 1259 3210 generations

55 3211 180 3276 Aquilaria
191 3214 224 3278 by
237 3213 331 3263 Caesar
342 3214 371 3262 B.
387 3213 417 3262 C.
430 3225 451 3262 11
464 3229 504 3278 ²3·
675 3213 704 3262 ol
712 3213 751 3262 his
763 3212 824 3263 sires
829 3211 842 3262 '.

87 3279 140 3340 587.
169 3279 271 3344 prima]
283 3279 375 3329 Caesar
387 3279 429 3328 l.c.
440 3295 496 3343 says
508 3279 636 3344 triduique
709 3291 764 3344 595.
798 3295 840 3328 nec
854 3284 905 3326 tam
918 3276 997 3338 lauta]
1015 3279 1074 3326 ‘nor
1086 3293 1137 3326 was
1149 3275 1258 3340 Typhon

57 3343 103 3390 iter
112 3351 255 3410 progressus
265 3345 302 3394 ad
306 3345 408 3408 stamen
418 3345 565 3410 Bagradam
576 3352 634 3410 per·
674 3361 703 3394 so
712 3343 790 3408 justly
802 3344 844 3393 the
855 3343 926 3408 pride
938 3343 967 3391 ol
975 3343 1018 3392 the
1028 3341 1118 3392 earth’.

57 3409 129 3457 ruerit.
709 3408 764 3474 596.
798 3409 906 3473 caeloque
917 3407 1036 3472 pepercit]
1056 3408 1182 3456 ‘andwas
1194 3423 1257 3456 mer·

85 3475 183 3538 procat]
200 3481 266 3525 ‘ata
280 3475 350 3525 short
365 3475 477 3526 distance
490 3472 574 3525 lrom’.
603 3475 635 3525 cl.
675 3475 734 3524 cilul
746 3483 772 3524 to
787 3475 884 3525 heaven
904 3474 930 3522 in
946 3474 1000 3522 that
1015 3473 1060 3522 she
1075 3473 1119 3522 did
1134 3479 1178 3520 not
1194 3472 1258 3520 raise

57 3539 129 3604 Verg.
143 3542 207 3590 Aen.
221 3553 256 3590 111
272 3556 300 3604 13
312 3549 381 3592 terra
388 3542 481 3606 procul
490 3541 570 3590 uastis
580 3541 635 3590 cali·
674 3557 709 3605 up
721 3541 834 3589 Antaeus
845 3539 870 3588 in
880 3539 923 3588 the
932 3538 1087 3602 Phlegraean
1098 3535 1200 3602 plains’,
1215 3537 1256 3586 he.

58 3611 102 3653 tur
120 3606 252 3656 Mauortia
274 3608 374 3670 campa.
397 3607 448 3656 and
471 3605 637 3671 Conington's
674 3606 719 3655 but
719 3623 776 3721 hrqh
770 3606 858 3669 Libya,
874 3604 1012 3718 uotswhere
1024 3604 1066 3653 the
1077 3603 1159 3668 giants
1170 3601 1258 3667 lought

58 3679 121 3720 note.
675 3672 718 3721 wit
777 3687 791 3721 e
853 3686 874 3720 s.
908 3681 1020 3719 c.V11r
1057 3707 1063 3719 .

91 3739 141 3798 588.
175 3737 269 3800 latus]
286 3738 353 3788 Oud.
368 3737 398 3788 cl.
415 3737 461 3788 sil.
475 3737 531 3788 Ital.
546 3749 576 3786 vt
592 3752 637 3800 ¹40
708 3739 764 3800 598.
798 3671 950 3797 e‘rddtulaffl]
976 3685 1103 3784 ‘crohdned
1123 3733 1184 3783 such
1204 3739 1257 3782 vast

59 3803 168 3852 turbidus
178 3809 274 3853 arentes
289 3804 352 3853 lento
362 3804 424 3868 pede
437 3805 517 3853 sulcat
531 3803 638 3853 harenas
675 3802 787 3867 strength
800 3801 826 3850 in
837 3801 882 3850 her
893 3800 1014 3865 offspring
1028 3801 1089 3849 with
1101 3797 1150 3848 this
1164 3798 1258 3847 further

60 3867 179 3931 Bagrada.
674 3867 741 3932 gilt’.
775 3867 874 3916 cl.Cic.
889 3867 921 3916 de
937 3865 978 3915 off.
999 3867 1037 3926 15
1056 3863 1099 3914 116
1118 3863 1259 3928 Afn'canus

92 3936 141 3998 589.
176 3934 297 3996 tumulos]
320 3934 443 3998 probably
462 3933 552 3984 ‘hiltst
586 3935 635 3982 Mi·
674 3933 810 3997 elaqueanda
822 3932 962 3982 aemulauit
972 3931 1079 3980 bellicam
1088 3929 1205 3994 glaream.

61 3997 132 4060 cyllus
150 4000 237 4049 thinks
255 4001 309 4050 that
329 3999 348 4049 it
366 3999 441 4050 refers
459 4007 485 4048 to
504 4000 546 4049 the
564 4000 635 4048 lomb
708 3997 764 4048 601.
798 3998 866 4060 haec]
897 3997 1007 4062 'yonder
1029 4011 1119 4046 cavern
1141 4009 1192 4044 was
1218 3993 1257 4042 his

61 4063 89 4112 ol
97 4065 204 4116 Antaeus
218 4065 364 4115 mentioned
379 4066 413 4142 by
431 4065 521 4115 Strabo
539 4077 600 4114 xvn
619 4067 634 4115 8
675 4063 771 4113 home'.

64 4131 133 4194 (829h
154 4131 180 4181 in
202 4131 287 4182 which
310 4130 434 4181 Sertonus
456 4146 507 4180 was
529 4131 583 4180 said
607 4137 634 4180 to
708 4127 765 4190 603.
796 4128 878 4192 terga]
904 4126 1009 4178 ‘hides'.
1043 4127 1075 4177 ct'.
1093 4126 1169 4190 Verg.
1191 4125 1256 4175 Aen.

62 4195 120 4307 pare
134 4197 280 4248 discovered
299 4213 315 4246 a
333 4196 448 4248 skeleton
471 4197 535 4261 sixty
553 4195 634 4246 cubits
675 4207 694 4309 y
717 4210 765 4258 404
793 4201 922 4244 tantarum
946 4193 1059 4258 ingmtia
1079 4199 1166 4256 septem
1190 4197 1258 4254 terga

73 4275 125 4325 oug.
689 4276 754 4309 aum.
817 4325 822 4336 Ι
894 4324 899 4335 Ι

64 4327 350 4457 hdffidduhaedsatdddpcrsd
359 4327 567 4442 gdelessldsladolo
577 4341 635 4390 qm
708 4325 765 4454 georg.
798 4322 1165 4454 ῗιξῖἒκέεοεὶῗιενΐῗ1οξὲὲἳὲνςετ
1181 4386 1255 4436 much

97 4471 145 4522 592.
174 4458 284 4524 cognita]
302 4458 357 4508 ‘the
369 4458 418 4508 tale
430 4458 461 4508 he
473 4457 524 4507 had
534 4457 636 4506 learned
675 4455 707 4504 he
719 4455 780 4521 kept
791 4456 830 4504 his
841 4455 937 4518 footing
943 4454 958 4502 '-
