2944 4948
410 389 554 454 Lmen
585 388 645 452 V1.
680 393 857 470 532-581.

126 575 189 619 nec
213 555 333 638 refugit
356 556 475 619 caedes
499 555 612 618 uiuom
636 555 663 616 si
687 574 779 617 sacra
802 573 951 618 cruorem

124 669 276 743 extaque
298 660 453 724 funereae
476 668 617 742 poscunt
640 660 843 742 trepidantia
866 679 1020 724 mensae:

126 763 264 827 uolnere
286 763 332 827 sic
356 765 490 841 uentris,
515 783 581 826 non
604 783 671 844 qua
693 772 812 827 natura
834 762 989 838 uocabat,

124 866 316 930 extrahitur
338 876 461 950 partus,
484 865 599 930 calidis
623 865 798 948 ponendus
821 865 855 928 in
879 867 953 942 aris,

123 979 160 1034 et
183 972 338 1054 quotiens
360 973 468 1034 saeuis
491 991 576 1052 opus
599 980 650 1034 est
671 991 711 1034 ac
734 969 873 1034 sortibus
897 969 1032 1045 umbris,
1098 968 1163 1048 560

125 1077 200 1158 ipsa
222 1073 302 1138 iacit
324 1094 458 1138 manes:
487 1072 661 1136 hominum
687 1093 775 1136 mors
798 1074 908 1136 omnis
931 1073 965 1136 in
988 1093 1049 1136 usu
1073 1081 1132 1138 est.

126 1176 184 1240 illa
206 1197 312 1258 genae
334 1175 449 1239 florem
473 1176 645 1259 primaeuo
667 1195 805 1258 corpore
828 1175 936 1252 uolsit,

126 1279 185 1343 illa
207 1298 338 1342 comam
362 1278 458 1344 laeua
481 1279 634 1342 morienti
657 1279 799 1342 abscidit
822 1278 961 1362 ephebo.

125 1403 227 1464 saepe
249 1382 351 1446 etiam
374 1383 458 1446 caris
480 1389 625 1464 cognato
648 1381 681 1446 in
705 1381 820 1445 sunere
837 1367 915 1446 ¹dira

127 1484 298 1548 Thessalis
320 1485 470 1548 incubuit
493 1484 671 1547 membris:
700 1493 802 1567 atque
824 1484 938 1549 oscula
962 1483 1066 1566 ligens
1099 1484 1158 1565 565

127 1589 362 1671 truncauitque
384 1597 485 1670 caput
509 1607 768 1670 compressaque
790 1587 946 1652 dentibus
969 1608 1027 1650 ora

128 1690 277 1754 laxauit:
308 1691 462 1773 siccoque
484 1690 678 1754 haerentem
702 1697 837 1772 gutture
859 1689 1009 1772 linguam

126 1797 367 1877 praemordens
387 1795 506 1878 gelidis
530 1793 652 1858 infudit
675 1813 845 1857 murmura
867 1793 978 1873 labris,

124 1920 351 1984 arcanumque
373 1899 467 1963 nefas
491 1899 628 1982 Stygias
652 1898 827 1961 mandauit
849 1898 893 1961 ad
917 1898 1059 1962 umbras.

168 2001 256 2066 hanc
278 2013 315 2067 ut
338 2003 427 2066 fama
451 2002 514 2066 loci
540 2002 701 2084 Pompeio
724 2000 880 2083 prodidit,
903 2001 973 2065 alta
1098 2013 1163 2082 570

124 2117 225 2170 nocte
247 2107 326 2190 poli,
348 2107 451 2170 Titan
475 2107 622 2170 medium
645 2126 713 2189 quo
735 2116 887 2188 tempore
909 2105 1002 2171 ducit

123 2211 189 2275 sub
211 2221 326 2275 nostra
347 2211 465 2276 tellure
488 2212 588 2289 diem,
609 2213 743 2276 deserta
765 2232 825 2294 per
847 2231 928 2275 arua

124 2315 232 2398 carpit
254 2316 325 2380 iter.
369 2315 428 2379 fidi
450 2315 613 2380 scelerum
635 2315 788 2398 suetique
811 2315 953 2378 ministri

123 2416 278 2481 effractos
301 2419 423 2482 circum
447 2417 595 2481 tumulos
618 2437 657 2480 ac
679 2417 778 2480 busta
801 2418 914 2499 uagati

123 2541 331 2604 conspexere
353 2521 466 2604 procul
490 2529 669 2604 praerupta
692 2521 724 2584 in
748 2531 846 2584 caute
868 2520 1050 2598 sedentem,
1098 2535 1156 2603 575

123 2643 191 2706 qua
214 2625 293 2708 iuga
314 2625 467 2688 deuexus
492 2623 682 2688 Pharsalica
704 2625 844 2707 porrigit
868 2623 1029 2688 Haemus.

123 2727 182 2791 illa
205 2728 313 2810 magis
336 2728 540 2810 magicisque
562 2727 634 2791 deis
658 2728 829 2811 incognita
851 2727 953 2791 uerba

122 2831 316 2914 temptabat
338 2851 540 2914 carmenque
563 2849 669 2894 nouos
691 2829 840 2912 fingebat
862 2831 896 2893 in
920 2851 1007 2894 usus.

123 2954 272 3016 namque
294 2934 417 2998 timens
440 2954 482 2997 ne
505 2933 599 2997 Mars
621 2933 724 2997 alium
748 2955 854 3017 uagus
878 2934 939 2997 iret
963 2935 996 2997 in
1019 2936 1144 3012 orbem,

122 3037 281 3100 Emathis
303 3047 337 3100 et
359 3037 458 3102 tellus
480 3045 551 3100 tam
575 3037 681 3101 multa
704 3039 806 3100 caede
828 3042 963 3114 careret,
1097 3039 1160 3119 580

121 3139 271 3222 pollutos
294 3148 394 3204 cantu
417 3140 564 3222 dirisque
587 3139 727 3204 uenifica
749 3141 836 3204 sucis

68 3357 124 3423 556.
162 3358 259 3420 ninom]
284 3357 326 3408 i.e.
348 3359 469 3420 uiuentis,
491 3359 524 3408 cs.
545 3359 622 3424 Verg.
696 3358 752 3423 566.
779 3359 923 3424 compressa]
947 3360 1003 3410 ‘the
1025 3361 1110 3410 closed
1132 3362 1219 3412 mouth
1228 3361 1244 3411 '.

36 3426 185 3486 hemme,
197 3437 241 3487 7²¹
250 3425 477 3488 mutarimatolm
486 3423 623 3487 Sychaeum
662 3424 692 3474 ef.
714 3425 780 3474 Hor.
801 3425 855 3475 Sat.
876 3437 886 3474 1
907 3425 932 3474 iv
954 3425 999 3488 138
1021 3426 1159 3491 compressis
1179 3429 1245 3492 agito

35 3490 124 3554 inccfflt
134 3495 158 3538 ct
169 3489 230 3537 uiuo
241 3496 341 3552 temptat
346 3496 505 3554 praerurterc
515 3505 606 3538 amore.
661 3489 748 3538 lahn's.

68 3569 124 3617 557.
145 3555 310 3618 trcpr'ctontc'cc]
322 3555 485 3619 ‘quivering',
497 3554 529 3605 cs.
544 3555 619 3618 Verg.
695 3554 751 3617 568.
785 3555 931 3616 ncurmura]
946 3563 972 3604 ut
988 3571 1047 3604 mox
1060 3555 1148 3605 umbra
1159 3556 1243 3622 loque·

34 3617 195 3680 Aen.1v64
215 3619 354 3684 pectoribus
375 3620 480 3669 inhians
496 3619 623 3684 sperantia
661 3627 728 3669 retur
739 3621 807 3686 apud
819 3621 920 3670 interos.
955 3620 1041 3669 Scbol.

33 3685 140 3732 consulit
150 3691 214 3732 exta.
695 3699 749 3748 57¹·
791 3687 867 3734 Titan
887 3685 1007 3745 medium]
1031 3685 1072 3734 i.e.
1089 3685 1163 3734 when
1186 3685 1244 3736 itis

31 3815 47 3862 d
66 3749 123 3864 531.
153 3749 223 3814 jacit
239 3749 335 3811 manes]
351 3749 391 3799 i.e.
411 3749 539 3800 hominem
556 3749 621 3800 oeci·
660 3750 762 3814 midday
773 3750 834 3802 with
849 3751 892 3800 the
907 3749 1057 3814 Antipodes,
1073 3751 1105 3800 cl.
1121 3751 1196 3818 Verg.
1210 3753 1243 3803 G.

48 3832 79 3864 en
99 3831 125 3864 o.
661 3827 697 3864 ια
733 3832 778 3864 -r
801 3831 821 3865 r.

65 3897 134 3929 mors
155 3879 246 3942 oncnc's]
270 3883 359 3944 ‘every
383 3879 445 3928 kind
474 3879 503 3929 ol
527 3879 620 3928 human
691 3831 771 3942 delcit]
782 3831 815 3928 lis
827 3879 943 3944 bringing
953 3878 1006 3936 on',
1018 3880 1050 3929 el.
1063 3881 1139 3946 Verg.
1157 3881 1191 3932 G.
1207 3893 1242 3932 111

34 3945 132 4002 death’,
155 3945 195 3993 he.
215 3945 326 3995 whether
345 3945 443 3994 natural
463 3961 492 3993 or
510 3945 620 3994 violent:
665 3945 711 4008 156
723 3952 812 3994 noctem
824 3945 967 3993 ducentibus
978 3946 1062 3995 astris.

34 4011 117 4059 Weise
135 4009 208 4058 takes
224 4010 282 4059 itas
297 4011 381 4060 ‘death
394 4019 419 4058 at
431 4025 480 4074 any
492 4010 550 4074 age’
562 4025 620 4060 con·
693 4023 748 4072 574.
783 4009 903 4074 ffractos]
919 4009 1028 4059 ‘broken
1043 4026 1109 4075 open
1118 4010 1133 4068 ’.
1149 4010 1191 4062 i.e.
1208 4012 1243 4078 by

33 4077 136 4138 necting
147 4074 166 4123 it
178 4075 240 4124 with
251 4077 317 4124 what
330 4075 434 4124 lollows.
661 4075 791 4124 Erichtho.

64 4141 122 4205 563.
157 4140 241 4202 laena]
255 4141 311 4190 The
322 4140 366 4190 lelt
377 4141 446 4190 hand
460 4155 511 4190 was
521 4140 582 4190 used
595 4141 620 4190 in
693 4139 748 4202 576.
773 4156 823 4204 qua
831 4139 1006 4202 iuga1‘where
1018 4140 1132 4190 Haemus
1143 4140 1244 4206 sloping

34 4203 198 4268 magicn'res.
659 4206 816 4255 downwards
843 4205 946 4256 extends
973 4205 1005 4254 its
1032 4221 1109 4272 muge
1134 4209 1243 4258 towards

65 4271 123 4331 564.
158 4270 269 4335 cognato]
284 4269 326 4320 i.e.
343 4269 372 4320 ol
383 4286 454 4320 some
464 4270 581 4322 kiusman
593 4270 623 4320 οἰ
660 4271 809 4320 Pharsalia'.

31 4335 75 4385 her
86 4350 156 4384 own.
692 4349 746 4402 579.
772 4337 853 4386 otium
866 4335 994 4396 inertem]
1013 4337 1242 4404 ‘toanotherquar-

65 4401 123 4464 565.
149 4399 244 4464 figens]
262 4399 420 4466 ‘imprinting
435 4401 534 4462 kisses',
549 4401 616 4454 Oud.
658 4409 694 4451 ter
701 4401 714 4450 '.

33 4467 92 4515 with
104 4481 176 4516 some
189 4465 267 4517 MSS.
279 4467 351 4516 reads
355 4467 464 4531 fingens.

344 4545 351 4573 l
