3080 4954
673 350 915 409 RELATION
942 349 998 409 TO

285 523 303 560 v
332 507 411 559 8-6

316 527 330 574 3
349 525 362 573 ⁵
430 607 539 656 namque
555 605 642 639 omnes
658 605 732 638 voces
749 603 793 652 per
809 602 871 652 quas
888 586 938 636 iam
955 593 1068 652 tempore
1085 593 1156 635 tanto

430 673 565 722 mentimur
582 671 691 722 dominis
708 671 769 720 haec
786 670 895 734 primunr
913 668 1022 733 repperit
1039 677 1116 717 aetas.

560 754 620 815 [and
634 753 676 803 the
687 752 816 817 following
828 752 891 802 lines
902 751 978 801 down
990 759 1017 800 to
1029 748 1089 812 40²]

286 903 314 940 vr
328 893 376 956 809
429 899 453 940 et
472 890 645 940 Romanorum
662 887 743 938 manis
761 889 857 938 calcate
872 888 985 938 deorum.

285 1019 326 1056 Ἧι
340 1023 385 1071 ⁴32
422 1024 499 1155 ³quod
518 1089 615 1153 fugiens
632 1087 706 1138 civile
722 1088 792 1138 nefas
808 1088 967 1152 redituraque
983 1103 1119 1152 numquam

432 1172 534 1222 libertas
551 1171 616 1222 ultra
633 1171 730 1237 Tigrim
749 1171 916 1235 Rhenumque
932 1170 1039 1220 reoessit.

611 1253 673 1316 [and
684 1269 712 1303 so
724 1269 758 1302 on
769 1261 795 1302 to
809 1253 852 1302 the
864 1259 922 1302 next
935 1251 1052 1317 passage]

288 1363 328 1400 vrr
341 1367 437 1414 442—5

434 1433 517 1482 felices
535 1433 632 1482 Arabes
650 1433 768 1498 Medique
786 1434 889 1498 anque
906 1432 980 1482 tellus

434 1532 509 1581 quam
526 1517 572 1565 sub
590 1517 716 1581 perpetuis
734 1524 864 1566 tenuerunt
883 1515 933 1565 lata
950 1514 1080 1578 tyrannis:

434 1613 464 1646 ex
482 1597 581 1662 populis
598 1598 641 1662 qui
658 1613 735 1662 regna
752 1597 832 1647 serunt
849 1613 902 1648 sors
919 1597 1007 1646 ultima
1025 1605 1108 1646 nostra
1126 1603 1163 1644 est

434 1697 497 1746 quos
513 1680 604 1730 servire
620 1681 706 1746 pudet.

288 1825 331 1862 vlt
343 1827 440 1882 455-9
635 1813 713 1863 cladis
730 1821 814 1863 tamen
830 1811 903 1862 huius
919 1811 1040 1862 habemus

435 1895 579 1956 vindictam,
599 1904 717 1960 quantam
734 1895 806 1945 terris
823 1895 882 1944 dare
899 1893 1001 1942 numina
1019 1893 1054 1942 las
1071 1901 1117 1943 est.

435 1980 501 2029 bella
518 1995 590 2044 pares
607 1979 702 2044 superis
719 1979 809 2029 sacient
826 1977 910 2027 civilia
926 1978 1012 2026 divos:

436 2061 580 2110 fulminibus
597 2061 677 2110 manis
693 2061 817 2126 radiisque
834 2060 933 2109 ornabit
950 2065 974 2108 et
991 2058 1072 2118 astris,

435 2143 510 2206 inque
527 2142 601 2192 deum
619 2141 719 2207 templis
736 2141 827 2190 iurabit
846 2141 929 2190 Roma
946 2155 990 2204 per
1007 2140 1118 2189 umbras.

290 2271 331 2307 vrr
344 2257 457 2323 638-46

435 2341 515 2391 maius
531 2341 564 2390 ab
580 2340 628 2391 hae
644 2339 698 2390 acie
714 2356 789 2405 quarn
807 2339 875 2405 quod
892 2354 937 2388 sua
953 2337 1053 2388 saecula
1070 2337 1162 2388 ferrent

435 2424 524 2472 volnus
540 2423 634 2473 habent
652 2425 739 2488 populi
749 2441 757 2484 ;
780 2424 836 2488 plus
853 2431 889 2472 est
907 2437 981 2486 quam
999 2421 1051 2470 vita
1067 2421 1185 2486 salusque

434 2505 501 2570 quod
518 2506 597 2569 perit;
621 2505 647 2554 in
664 2513 744 2554 toturn
762 2505 849 2554 mundi
867 2503 1047 2570 prosternimur
1063 2519 1167 2553 aevom:

435 2588 542 2636 uincitur
558 2587 597 2636 his
612 2587 704 2652 gladiis
720 2588 802 2637 omnis
819 2603 883 2653 quae
900 2589 990 2636 serviet
1008 2595 1086 2636 aetas.

434 2669 548 2734 proxima
565 2669 625 2733 quid
643 2670 742 2720 suboles
759 2679 801 2720 aut
818 2671 878 2736 quid
896 2686 1007 2720 meruere
1024 2679 1128 2734 nepotes

436 2753 461 2802 in
478 2769 582 2817 regnum
598 2753 686 2802 nasci?
719 2753 803 2817 pavidi
821 2769 880 2802 num
897 2753 1018 2817 gessimus
1035 2767 1112 2814 arma,

435 2835 541 2884 teximus
558 2845 600 2884 aut
617 2834 734 2900 iugulos?
766 2833 841 2883 alieni
858 2849 941 2899 poena
957 2834 1052 2883 timoris

356 2963 360 2970 .
436 2919 462 2967 in
478 2925 564 2968 nostra
580 2917 676 2966 cervice
693 2918 778 2967 sedet:
800 2927 858 2982 post
875 2919 970 2982 proelia
986 2917 1052 2967 natis

436 2999 611 3060 sidominum,
633 3000 751 3060 Fortuna,
771 3000 857 3058 dabas,
876 3009 900 3050 et
918 3000 984 3049 bella
1000 2999 1119 3050 dedisses.

289 3131 329 3168 vrr
342 3115 440 3183 694-6

435 3215 486 3250 non
503 3200 553 3249 iam
572 3199 686 3264 Pompeii
704 3215 797 3250 nomen
815 3199 936 3265 populare
952 3215 997 3264 per
1013 3200 1099 3250 orbem

435 3299 482 3334 uec
498 3283 608 3332 studium
625 3281 694 3342 belli,
720 3283 765 3332 sed
782 3298 826 3347 par
843 3283 911 3347 quod
928 3298 1026 3348 semper
1043 3283 1164 3333 habemus

436 3365 539 3414 libertas
555 3372 581 3414 et
598 3364 693 3414 Caesar
709 3372 789 3413 erunt.

290 3495 343 3534 vrrr
356 3485 453 3548 835—9

436 3573 463 3614 tu
480 3579 590 3629 quoque,
608 3578 664 3612 cum
681 3577 756 3612 saevo
773 3562 871 3612 dederis
888 3562 937 3611 iam
955 3563 1049 3627 templa
1067 3570 1180 3627 tyranno,

435 3645 547 3694 nondum
565 3643 678 3708 Pompeii
695 3643 797 3704 cineres,
816 3659 832 3692 o
850 3643 940 3702 Roma,
960 3641 1057 3708 petisti:

437 3726 506 3776 exsul
524 3724 606 3774 adhuc
623 3725 687 3774 iacet
704 3725 793 3773 umbra
810 3725 888 3774 ducis.
925 3724 946 3773 si
963 3724 1062 3773 saecula
1078 3723 1158 3788 prima

436 3807 537 3858 victoris
554 3807 658 3857 timuere
675 3805 763 3866 minas,
784 3821 850 3855 nunc
867 3805 953 3871 excipe
969 3806 1057 3856 saltem

437 3906 493 3940 ossa
509 3889 545 3939 tui
564 3889 659 3954 Magni.

648 3969 709 4032 [and
720 3985 748 4019 so
759 3985 793 4019 on
804 3977 831 4020 to
842 3971 891 4020 end
903 3969 931 4020 ol
944 3969 1024 4032 book]

293 4098 323 4136 rx
334 4085 432 4147 6or-4

435 4181 494 4216 eece
509 4179 599 4230 parens
616 4177 688 4213 verus
702 4163 806 4228 patriae,
824 4162 984 4227 dignissimus
1000 4161 1057 4222 arie,

438 4251 527 4305 Roma,
545 4247 616 4304 tuisf
632 4263 677 4312 per
692 4261 767 4310 quem
783 4261 919 4311 numquam
936 4245 1016 4295 iurare
1034 4245 1146 4309 pudebit,

437 4339 461 4381 et
478 4345 561 4395 quem,
581 4329 602 4378 si
619 4329 715 4378 steteris
732 4343 851 4393 umquam
868 4327 964 4380 cervice
982 4327 1071 4388 soluta,

436 4428 503 4469 nuuc
520 4411 580 4466 olim
597 4410 692 4468 lactura
709 4410 790 4464 deum.
