3080 4954
238 365 285 429 xiv
662 365 842 428 INTROD
851 365 1027 426 UCTION.

293 531 344 604 (Β)
383 535 488 590 Lucani
507 537 566 590 vita
584 552 618 590 ex
636 534 841 590 commentario
859 531 1079 601 antiquissimo1.

294 647 323 699 M
344 647 479 702 Annaeus
503 649 634 702 Lucanus
653 654 764 716 patrem
781 645 882 699 habuit
903 645 934 697 M
955 643 1107 698 Annaeum
1128 643 1235 696 Melam
1254 659 1287 695 ex
1304 640 1450 712 provincia
1476 643 1481 672 ¹

240 735 356 788 Baetica
371 733 529 804 Hispaniae
541 735 680 789 interioris
694 733 908 788 Cordubensem
921 733 1046 801 equitem
1059 733 1133 785 Rom
1147 731 1284 786 illustrem
1297 729 1370 784 inter
1382 745 1449 781 suos

239 831 337 876 notum
351 822 460 874 Romae
472 831 500 876 et
512 830 626 891 propter
640 821 779 875 Senecam
796 819 913 874 fratrem
925 819 1034 872 clarum
1050 835 1101 888 per
1117 835 1216 872 omnes
1228 818 1344 872 virtutes
1357 819 1448 872 virum

239 918 267 964 et
283 918 397 978 propter
413 909 540 963 studium
557 909 631 964 vitae
648 907 809 977 quietioris;
827 908 904 978 quod
921 923 1042 976 sequens
1058 905 1150 976 magis
1167 923 1185 959 a
1200 905 1284 959 turba
1298 906 1448 960 recedebat

238 998 332 1051 minus
344 997 457 1052 latebat.
495 1005 615 1050 matrem
627 995 727 1048 habuit
739 1003 769 1049 et
781 993 905 1063 regionis
918 993 1045 1048 eiusdem
1057 1003 1086 1048 et
1099 993 1176 1047 urbis
1191 993 1312 1047 Aciliam
1332 993 1448 1046 nomine

239 1084 322 1139 Acilii
345 1084 451 1138 Lucani
473 1083 561 1136 filiam
583 1082 702 1137 oratoris
724 1099 826 1152 operae
848 1081 924 1151 apud
944 1081 1128 1150 proconsules
1149 1079 1303 1150 frequentis
1322 1089 1350 1134 et
1371 1079 1448 1148 apud
1519 1096 1520 1100 ¹

240 1171 411 1226 clarissimos
429 1171 505 1225 viros
523 1187 580 1224 non
600 1169 703 1223 nullius
722 1168 828 1237 ingenii
847 1167 919 1222 adeo
941 1183 998 1220 non
1017 1165 1220 1236 improbandus
1238 1175 1270 1219 ut
1289 1165 1317 1218 in
1337 1164 1449 1233 scriptis

240 1257 380 1327 aliquibus
397 1257 482 1312 hodie
497 1272 609 1326 quoque
626 1256 708 1310 duret
723 1255 782 1309 eius
799 1255 937 1308 memoria
946 1274 954 1320 ;
973 1253 1052 1308 cuius
1070 1269 1228 1322 cognomen
1244 1252 1310 1306 huic
1327 1251 1449 1304 inditum

240 1355 364 1414 apparet.
411 1355 494 1400 natus
515 1354 558 1400 est
584 1357 620 1398 111
643 1359 701 1397 non
727 1343 859 1397 Novemb
881 1344 904 1397 C
927 1343 1051 1398 Caesare
1075 1343 1204 1411 Augusto
1231 1340 1402 1395 Germanico
1426 1353 1449 1392 ιι

242 1433 264 1485 L
285 1431 424 1486 Caesiano
447 1443 457 1484 1
478 1448 550 1486 coss.
572 1431 622 1484 sed
646 1430 675 1484 in
696 1429 788 1500 patria
807 1447 860 1484 sua
879 1447 936 1483 non
956 1430 1044 1484 valuit
1065 1430 1180 1484 educari
1191 1451 1198 1497 ;
1223 1430 1344 1485 latorum
1365 1431 1450 1485 credo

240 1518 360 1574 decretis
373 1529 404 1574 ut
416 1519 447 1573 id
458 1513 604 1589 ingenium
612 1518 688 1588 quod
701 1518 800 1572 orbem
812 1517 889 1572 fama
898 1517 942 1570 sui
955 1517 1135 1587 impleturum
1144 1527 1282 1572 cresceret
1294 1518 1323 1572 in
1333 1519 1451 1572 domina

241 1611 339 1664 mundi
356 1610 475 1664 aleretur
491 1609 566 1663 urbe.
604 1617 737 1663 octavum
751 1607 828 1662 enim
844 1623 973 1662 mensem
989 1623 1076 1676 agens
1090 1609 1213 1661 Romam
1227 1607 1381 1661 translatus
1397 1617 1449 1662 est.
1480 1665 1483 1670 ,

241 1715 274 1754 ac
295 1716 331 1754 ne
350 1698 448 1768 dispar
467 1705 585 1752 eventus
605 1696 634 1749 in
654 1711 689 1750 eo
711 1703 871 1750 narraretur
892 1696 952 1750 eius
971 1695 1019 1766 qui
1041 1695 1069 1748 in
1092 1695 1221 1750 Hesiodo
1239 1695 1364 1764 refertur,
1384 1712 1450 1749 cum

242 1787 338 1856 opinio
357 1797 425 1841 tunc
445 1803 503 1840 non
523 1783 670 1840 dissimilis
689 1793 826 1845 maneret,
848 1801 936 1838 cunas
957 1783 1073 1838 infantis
1095 1783 1198 1854 quibus
1219 1782 1360 1838 ferebatur
1381 1799 1451 1852 apes

242 1874 478 1929 circumvolarunt
491 1889 578 1944 osque
591 1871 713 1928 insidere
733 1873 901 1942 complures,
914 1881 961 1926 aut
977 1871 1090 1926 dulcem
1103 1871 1161 1924 iam
1174 1881 1235 1925 tum
1247 1869 1376 1941 spiritum
1390 1870 1451 1924 eius

242 1965 433 2020 inhaurientes
455 1971 504 2018 aut
523 1961 676 2017 secundum
697 1971 726 2017 et
747 1962 861 2032 qualem
882 1977 957 2016 nunc
979 1960 1173 2016 existimamus
1196 1961 1321 2014 futurum
1346 1959 1452 2029 signifi-

242 2059 347 2106 cantes.
384 2048 613 2120 praeceptoribus
630 2057 698 2102 tunc
715 2045 946 2101 eminentissimis
959 2056 1001 2100 est
1014 2045 1139 2102 eruditus
1154 2062 1259 2115 eosque
1275 2045 1350 2100 intra
1365 2045 1452 2100 breve

242 2138 376 2209 temporis
389 2138 511 2208 spatium
527 2137 642 2206 ingenio
660 2135 849 2207 adaequavit;
868 2152 927 2190 una
942 2151 1009 2190 vero
1021 2135 1168 2190 studentes
1184 2132 1326 2203 superavit
1342 2131 1452 2202 prolec-

242 2227 325 2281 tibus.
362 2225 533 2281 declamavit
548 2235 576 2280 et
592 2225 701 2280 Graece
718 2233 745 2278 et
763 2223 862 2278 Latine
875 2240 941 2278 cum
957 2239 1063 2292 magna
1075 2221 1263 2276 admiratione
1280 2220 1452 2275 audientiae.

242 2315 280 2368 ob
292 2315 368 2384 quod
380 2313 480 2384 puerili
493 2323 602 2369 mutato
615 2313 644 2366 in
657 2311 831 2368 senatorium
843 2313 950 2367 cultum
962 2322 991 2366 et
1004 2313 1033 2365 in
1046 2311 1176 2366 notitiam
1186 2309 1317 2366 Caesaris
1329 2309 1454 2364 Neronis

242 2402 324 2458 facile
337 2401 464 2472 pervenit
480 2411 509 2456 et
525 2401 633 2456 horrore
648 2399 765 2454 vixdum
781 2399 868 2454 aetati
888 2398 985 2454 debito
1000 2399 1102 2468 dignus
1119 2399 1259 2454 iudicatus
1276 2411 1327 2456 est.
1365 2402 1454 2470 gessit

243 2497 336 2543 autem
349 2495 530 2557 quaesturam
543 2487 573 2541 in
585 2501 642 2557 qua
650 2503 716 2541 cum
727 2485 843 2554 collegis
853 2501 932 2540 more
942 2493 1009 2539 tunc
1021 2483 1127 2540 usitato
1137 2501 1239 2540 munus
1252 2485 1454 2554 gladiatorium
1497 2517 1499 2525 =

243 2575 332 2632 edidit
344 2575 471 2630 secundo
485 2571 582 2646 populi
599 2574 703 2630 lavore.
740 2573 930 2628 sacerdotium
948 2573 1036 2628 etiam
1055 2573 1164 2643 accepit
1180 2583 1339 2642 auguratus.
1377 2573 1456 2643 equi-

243 2664 310 2719 dem
333 2663 472 2718 hactenus
496 2672 625 2732 tempora
648 2660 749 2715 habuit
773 2659 905 2714 secunda.
950 2676 1023 2729 quae
1047 2669 1142 2714 autem
1166 2669 1321 2731 sequuntur
1344 2670 1457 2716 mutata

243 2749 350 2805 invidia
367 2759 396 2805 et
415 2749 480 2803 odio
495 2749 618 2802 Neronis
637 2747 691 2817 ipsi
710 2747 825 2802 exitium
843 2746 1007 2801 domesticis
1026 2746 1132 2801 luctum
1147 2747 1338 2802 miserabilem
1354 2748 1456 2802 attule-

243 2848 315 2894 runt.
353 2837 426 2893 inter
444 2837 552 2892 amicos
570 2837 646 2892 enim
663 2835 795 2890 Caesaris
812 2836 890 2906 quod
907 2845 965 2890 tam
983 2835 1151 2904 conspicuus
1170 2835 1249 2890 fieret
1265 2835 1408 2906 proiectus
1425 2838 1456 2891 in

243 2925 355 2996 poetica
371 2925 532 2994 frequenter
550 2923 753 2980 offendebatur.
790 2925 895 2995 quippe
914 2933 942 2978 et
960 2923 1114 2978 certamine
1131 2923 1322 2994 pentaeterico
1339 2933 1404 2979 acto
1424 2925 1455 2978 in

246 3013 373 3084 Pompeii
389 3013 501 3068 theatro
519 3011 623 3067 laureis
638 3012 775 3068 recitante
794 3014 910 3068 Nerone
928 3013 1020 3068 suerat
1038 3019 1189 3067 coronatus
1199 3031 1207 3078 ;
1226 3021 1254 3066 et
1273 3027 1307 3066 ex
1325 3021 1456 3081 tempore

245 3099 360 3168 Orphea
378 3099 515 3169 scriptum
535 3097 565 3152 in
589 3098 815 3168 experimentum
839 3097 946 3167 ingenii
970 3097 1099 3154 ediderat
1117 3107 1146 3154 et
1168 3107 1226 3153 tres
1248 3098 1336 3152 libros
1355 3099 1456 3168 quales

243 3187 379 3242 videmus.
417 3201 504 3256 quare
525 3185 672 3240 inimicum
693 3185 747 3240 sibi
767 3186 834 3241 lecit
855 3185 1056 3256 imperatorem
1078 3203 1134 3257 quo
1154 3185 1305 3240 ambitiose
1325 3185 1457 3240 imitante

245 3293 303 3331 non
315 3274 462 3329 hominum
474 3282 585 3328 tantum
598 3273 650 3328 sed
662 3281 690 3328 et
702 3273 805 3328 artium
823 3273 877 3328 sibi
892 3274 1083 3344 principatum
1095 3275 1259 3330 vindicante
1272 3274 1456 3330 interdictum

245 3373 288 3418 est
311 3363 338 3418 ei
361 3361 474 3433 poetica
497 3361 679 3416 interdictum
704 3371 746 3416 est
773 3361 860 3418 etiam
885 3377 1036 3417 causarum
1062 3361 1230 3418 actionibus.
1267 3362 1323 3417 hoc
1346 3361 1458 3416 factum

246 3451 377 3506 Caesaris
392 3448 507 3504 iuvenili
523 3447 679 3504 aestimans
697 3449 786 3504 animi
802 3450 895 3504 calore
915 3466 1089 3521 speransque
1108 3450 1244 3506 ultionem
1263 3466 1282 3503 a
1301 3449 1458 3504 coniuratis

245 3539 275 3594 in
293 3539 411 3594 caedem
430 3538 554 3593 Neronis
576 3537 668 3592 socius
689 3547 852 3609 assumptus
872 3547 916 3594 est
936 3538 988 3593 sed
1005 3555 1106 3609 parum
1122 3538 1221 3593 fauste.
1258 3539 1395 3608 deceptus
1413 3549 1459 3594 est

246 3629 323 3684 enim
339 3645 357 3682 a
374 3627 477 3682 Pisone
494 3636 523 3682 et
542 3625 736 3682 consularibus
754 3627 874 3698 aliisque
893 3636 1025 3697 praetura
1039 3627 1192 3698 perfunctis
1209 3629 1363 3684 illustribus
1379 3631 1456 3686 viris.

246 3718 313 3772 dum
339 3716 494 3771 vindictam
519 3715 623 3785 expetit
648 3716 677 3770 in
699 3725 820 3770 mortem
844 3715 930 3770 irruit.
968 3733 1035 3770 nam
1059 3733 1112 3770 sua
1136 3725 1236 3786 sponte
1260 3727 1376 3772 coactus
1397 3718 1459 3772 vita

246 3806 382 3862 excedere
402 3821 490 3858 venas
511 3804 566 3858 sibi
586 3803 724 3872 praecidit
745 3803 882 3874 periitque
904 3803 967 3874 prid
988 3803 1036 3858 kal
1059 3803 1152 3858 Maias
1173 3804 1269 3859 Attico
1290 3804 1410 3860 Vestino
1430 3814 1460 3859 et

248 3894 344 3947 Nerva
361 3891 477 3961 Syllano
499 3905 563 3944 coss
587 3901 677 3942 xxvtr
699 3889 801 3944 aetatis
821 3906 927 3944 annum
945 3906 1033 3960 agens
1050 3904 1108 3943 non
1126 3888 1188 3944 sine
1206 3888 1315 3943 iactura
1328 3887 1461 3944 utilitatis

246 4000 312 4038 cum
328 3981 436 4052 patriae
448 3971 645 4050 quae'tantam
660 3979 809 4033 immature
826 3977 922 4032 amisit
939 3977 1065 4032 indolem
1081 3987 1142 4032 tum
1160 3977 1317 4032 studiorum
1335 3994 1459 4048 quoque.

246 4071 347 4140 reliqui
363 4069 440 4124 enim
458 4079 503 4120 v11
521 4066 590 4121 belli
605 4065 696 4120 civilis
713 4065 776 4120 libri
793 4067 888 4121 locum
907 4067 1145 4121 calumniantibus
1162 4075 1309 4136 tamquam
1325 4067 1461 4120 mendosi

247 4176 305 4214 non
316 4158 424 4213 darent.
461 4155 509 4224 qui
526 4155 640 4210 tametsi
661 4154 715 4208 sub
727 4170 793 4208 vero
810 4154 929 4210 crimine
948 4171 1005 4210 non
1022 4163 1106 4224 egent
1124 4153 1282 4225 patrocinio
1298 4153 1335 4208 de
1355 4153 1461 4208 iisdem

247 4247 303 4303 dici
316 4245 393 4317 quod
405 4245 433 4299 in
447 4241 543 4299 Ovidii
555 4241 635 4298 libris
648 4242 850 4314 praescribitur
861 4253 958 4314 potest
970 4243 1188 4300 ‘emendaturus
1201 4243 1226 4297 si
1237 4242 1365 4298 licuisset
1376 4245 1452 4298 erat’
1509 4295 1514 4306 ,

335 4426 342 4455 ¹
356 4427 481 4469 Attributed
491 4435 512 4468 to
519 4426 598 4477 Vacca,
605 4427 767 4479 agrammarian
776 4427 879 4480 probably
886 4429 910 4470 ol
918 4427 954 4470 the
962 4429 999 4470 dili
1009 4437 1104 4479 century.
1134 4427 1219 4468 Geuthe
1228 4427 1271 4467 and
1280 4423 1372 4468 Teuffel.
