3008 4946
195 400 257 466 262
527 391 712 460 LUCANI
746 365 1064 458 pnnasmmr

283 561 417 644 adspice
438 579 608 644 possessas
631 558 729 622 urbes
752 557 944 639 donataque
966 577 1078 639 regna,
1252 567 1319 634 710

284 665 480 747 Aegyptum
505 661 738 744 Libyamque:
768 669 803 723 et
824 668 930 722 terras
953 657 1038 740 elige
1061 656 1168 722 morti.

328 769 413 832 uidit
435 767 542 849 prima
565 775 643 829 tuae
666 765 761 828 testis
786 763 920 828 Larissa
943 763 1056 826 ruinae

285 871 396 936 nobile
420 891 480 933 nec
504 869 630 932 uictum
654 868 731 932 latis
753 877 863 950 caput.
908 867 1064 930 omnibus
1087 865 1144 929 illa

285 977 412 1040 ciuibus
435 975 552 1038 effudit
575 983 663 1037 totas
686 993 746 1056 per
768 973 901 1036 moenia
924 973 1032 1035 uires:

286 1081 394 1155 obuia,
418 1083 484 1142 ceu'
501 1077 598 1152 laet0,
621 1077 842 1160 praemittunt
865 1096 1002 1139 munera
1025 1073 1161 1138 flentes:
1252 1084 1317 1153 715

286 1185 438 1268 pandunt
461 1183 588 1266 templa
611 1183 749 1262 domos;
780 1183 888 1246 socios
910 1203 946 1246 se
968 1181 1118 1246 cladibus
1141 1186 1269 1264 optant

286 1285 411 1349 scilicet
434 1285 598 1348 immenso
620 1293 771 1366 superest
794 1305 839 1348 ex
863 1286 998 1349 nomine
1022 1285 1183 1348 multum:

287 1397 387 1471 teque
408 1389 519 1474 minpr
541 1387 621 1463 solo,
645 1397 782 1452 cunctas
805 1389 975 1470 impellere
997 1398 1115 1472 gentes

287 1513 398 1556 rursus
421 1492 454 1554 in
478 1511 570 1554 arma
593 1499 698 1574 potes,
723 1511 900 1575 rursusque
923 1493 956 1555 in
980 1491 1049 1556 fata
1073 1491 1186 1555 redire.

287 1598 355 1674 sed,
371 1597 451 1680 quid
474 1617 559 1680 opus
583 1598 672 1660 uicto
694 1597 829 1681 populis
852 1607 910 1661 aut
933 1597 1093 1661 urbibus?
1116 1595 1238 1679 inquit:
1255 1609 1324 1676 720

287 1703 404 1766 uictori
427 1711 594 1783 praestate
617 1701 727 1765 fidem.
772 1711 818 1778 tu,
842 1701 973 1774 Caesar,
997 1703 1030 1764 in
1054 1700 1123 1765 alto

287 1807 398 1871 caedis
421 1805 531 1870 adhuc
553 1807 687 1870 cumulo
710 1807 837 1890 patriae
860 1827 919 1892 per
941 1808 1068 1871 uiscera
1090 1807 1204 1871 uadis:

288 1924 323 1978 at
346 1914 406 1978 tibi
430 1915 495 1976 iam
520 1913 662 1997 populos
685 1913 790 1977 donat
812 1934 922 1997 gener.
967 1914 1080 1978 auehit
1102 1913 1180 1977 inde

288 2017 485 2100 Pompeium
509 2018 661 2100 sonipes:
690 2019 835 2100 gemitus
858 2018 1082 2101 lacrimaeque
1104 2025 1300 2100 sequuntur,

288 2122 498 2205 plurimaque
522 2123 555 2184 in
578 2143 696 2186 saeuos
720 2122 835 2205 populi
858 2123 1009 2186 conuicia
1032 2123 1135 2187 diuos.
1256 2131 1319 2202 725

289 2247 376 2290 nunc
399 2226 458 2290 tibi
481 2247 560 2290 uera
582 2226 665 2290 fides
688 2227 839 2309 quaesiti,
864 2225 997 2310 Magne,
1019 2226 1141 2290 fauoris

288 2329 429 2411 contigit
451 2349 491 2392 ac
513 2328 646 2394 fructus.
692 2329 774 2392 felix
797 2349 833 2393 se
856 2330 962 2393 nescit
984 2331 1097 2392 amari.

333 2435 457 2500 Caesar
479 2443 516 2498 ut
541 2435 707 2518 Hesperio
729 2435 814 2500 uidit
837 2436 918 2498 satis
941 2455 1021 2498 arua
1044 2443 1159 2498 natare

291 2539 461 2622 sanguine,
485 2539 688 2622 parcendum
712 2539 798 2603 serro
821 2540 1042 2623 manibusque
1064 2557 1199 2602 suorum

290 2644 356 2706 iam
379 2653 478 2718 ratuS,
503 2653 539 2707 ut
562 2643 643 2708 uiles
666 2645 794 2707 animas
816 2645 1027 2727 perituraque
1049 2643 1169 2706 frustra
1258 2656 1325 2724 730

289 2747 425 2830 agmina
448 2747 598 2830 permisit
621 2747 717 2812 uitae.
763 2749 821 2812 sed
845 2757 953 2812 castra
976 2747 1109 2830 fugatos

290 2871 331 2915 ne
355 2860 512 2916 reuocent
535 2851 704 2934 pellatque
726 2853 820 2934 quies
844 2861 1005 2915 nocturna
1028 2871 1196 2934 pauorem,

289 2956 441 3037 protinus
463 2954 576 3018 hostili
599 2957 716 3019 statuit
739 2957 916 3020 succedere
939 2955 1038 3031 uallo

290 3059 370 3122 dum
395 3060 542 3124 Fortuna
566 3060 662 3136 calet,
684 3061 766 3124 dum
789 3061 923 3124 conficit
945 3061 1059 3124 omnia
1083 3070 1195 3134 terror,

290 3184 357 3226 non
381 3166 516 3242 ueritus,
540 3185 641 3247 graue
664 3185 705 3228 ne
728 3165 822 3228 sessis
845 3187 884 3230 ac
907 3165 1017 3230 Marte
1039 3165 1186 3229 subactis
1258 3176 1320 3245 735

289 3268 353 3332 hoc
376 3268 461 3332 soret
484 3269 666 3352 imperium.
713 3291 778 3333 non
803 3291 926 3353 magno
948 3267 1135 3334 hortamine
1159 3266 1255 3332 miles

291 3373 323 3436 in
347 3372 506 3456 praedam
531 3373 704 3438 ducendus
727 3383 814 3436 erat:
845 3374 984 3438 uictoria
1007 3374 1103 3437 nobis

238 3643 292 3693 710.
323 3628 576 3694 possessas...donata]
593 3645 627 3678 sc.
644 3647 660 3678 a
676 3637 700 3679 te
715 3631 783 3680 olim.
825 3632 978 3696 neupatn'ae
988 3633 1125 3681 ualriiasr'n
1133 3631 1417 3682 uricerauem'teua'res.
1493 3633 1494 3672 ἶ

204 3709 292 3810 O7drr.
329 3695 413 3756 mota]
442 3694 575 3758 emphatic,
605 3711 655 3744 non
684 3697 785 3760 proelio.
859 3710 914 3760 725.
947 3697 1231 3811 curruicia]cl.1x187i
1251 3763 1277 3810 v

229 3777 291 3886 uris.
329 3789 490 3886 Larissalcf.
507 3825 599 3874 Caesar
617 3825 681 3875 B.C.
699 3825 785 3890 11196‚
826 3775 912 3892 33de
943 3762 1187 3827 mmmm]
1204 3779 1234 3812 c·
1278 3763 1381 3827 QG·
1395 3775 1417 3811 11

204 3891 287 3940 where
305 3907 320 3939 a
335 3891 448 3940 different
464 3899 570 3940 account
586 3891 606 3940 is
616 3891 690 3956 given
702 3892 731 3940 os
744 3893 786 3941 the
825 3894 889 3941 Aen.
903 3905 933 3941 rx
945 3893 993 3956 656
1003 3901 1080 3942 cetera
1086 3901 1169 3957 parce.
1176 3902 1252 3958 puer,
1265 3894 1334 3942 bello.

204 3955 278 4006 leelin
318 3955 539 4020 osthepeopleof
548 3957 652 4006 larissa.
860 3971 913 4022 731.
933 3960 1058 4071 flpernu'st't
1072 3959 1148 4020 uitae]
1165 3975 1230 4022 gave
1242 3975 1304 4008 over
1318 3969 1345 4008 to
1362 3959 1416 4016 lise,

902 3828 994 3876 ibernis
998 3829 1134 3892 parcebant
1135 3829 1247 3893 statibus
1260 3829 1338 3878 Euri.
1378 3829 1418 3876 ld.
1492 3857 1493 3870 ι

239 4037 293 4084 7¹·
327 4021 422 4086 optant]
441 4021 566 4080 ¹choose’,
585 4022 617 4070 cs.
631 4022 705 4086 Verg.
721 4023 785 4072 Aen.
825 4023 866 4072 i.e.
890 4026 932 4072 ‘su
951 4025 1008 4073 ere‘d
1026 4032 1052 4072 to
1069 4022 1137 4072 live'.
1158 4023 1190 4074 cl.
1207 4025 1286 4089 Verg.
1302 4025 1372 4074 Aen.
1389 4037 1418 4073 ιν
1491 4063 1492 4082 2

200 4099 258 4149 Ινιῐι
272 4101 318 4150 503
329 4094 439 4134 externos
449 4093 528 4150 optate
537 4087 614 4135 duces.
824 4087 874 4150 640
885 4089 1063 4153 Dardaniique
1074 4105 1161 4154 rogum
1172 4090 1262 4154 capitas
1266 4091 1420 4154 permittere

240 4154 294 4214 718.
328 4158 395 4216 teque
412 4151 497 4200 minor
510 4151 568 4212 solo]
585 4154 738 4218 ‘conquered
754 4154 786 4217 by
815 4154 947 4218 flammae.

206 4215 300 4278 thyseli
313 4215 407 4276 alone‘,
427 4216 458 4265 cl.
477 4217 541 4265 Hor.
560 4217 626 4282 Epp.
646 4230 682 4266 rx
701 4233 739 4281 35,
754 4217 786 4283 36
859 4233 913 4282 734.
947 4219 1017 4280 calet]
1033 4220 1064 4269 cs.
1080 4220 1134 4269 Cic.
1150 4221 1183 4269 ad
1198 4220 1259 4269 sam.
1274 4232 1329 4269 vni
1344 4221 1355 4270 i
1372 4223 1388 4281 5
1406 4237 1418 4270 a

207 4282 289 4329 minor
302 4281 332 4328 ἐκ
346 4283 478 4330 certamine
492 4283 561 4346 longa
576 4283 721 4346 implorauit
735 4292 787 4348 opes
825 4299 885 4332 nam
896 4292 918 4332 et
928 4286 969 4333 illi
979 4301 1089 4334 mansores
1099 4283 1239 4334 decomitr'is
1248 4287 1418 4350 Transpada-

205 4345 322 4392 hominis.
825 4365 915 4398 norma
930 4351 1068 4399 Cumarum
1079 4358 1149 4399 tenus
1159 4351 1302 4402 colmar.

241 4423 295 4472 719.
324 4409 394 4471 sata]
411 4427 445 4458 sc.
453 4413 549 4474 priora.
577 4413 609 4461 cs.
621 4411 669 4462 686
680 4429 746 4479 supr.
859 4429 912 4478 735.
948 4417 1034 4465 Marte
1055 4416 1170 4478 subactis]
1200 4419 1289 4466 ‘vom
1312 4425 1359 4467 out
1385 4417 1419 4480 by

241 4488 296 4535 72²·
324 4477 434 4538 patm'ac]
459 4477 668 4542 cf.Verg.Aen.
690 4481 786 4544 v1834
824 4479 948 4546 fightiug'.
