2966 4948
226 374 285 437 108
559 369 744 438 LUCANI
778 373 1096 440 PHARSALIAE

308 535 444 602 emicuit
468 535 594 598 lentus:
626 536 733 618 ruptis
755 537 848 601 cadit
870 537 1019 620 undique
1043 537 1155 601 uenis:

308 641 544 722 discursusque
566 640 700 702 animae
722 641 855 705 diuersa
878 641 912 705 in
936 641 1088 705 membra
1111 639 1256 704 meantis
1281 640 1344 718 640

310 744 512 826 interceptus
535 741 638 824 aquis.
685 741 809 807 nullius
833 744 903 808 uita
926 742 1092 827 perempti

310 857 360 911 est
382 854 478 910 tanta
501 844 639 909 dimissa
662 846 735 910 uia:
765 867 842 930 pars
866 847 986 912 ultima
1009 847 1117 911 trunci

310 949 448 1015 tradidit
471 949 503 1012 in
528 947 632 1013 letum
656 971 781 1014 uacuos
804 951 964 1016 uitalibus
986 959 1097 1030 artus;

310 1059 345 1116 at
368 1052 515 1117 tumidus
538 1073 606 1135 qua
628 1051 745 1135 pulmo
768 1055 854 1118 iacet
876 1075 943 1138 qua
967 1055 1093 1118 uiscera
1116 1053 1246 1118 seruent

309 1157 487 1221 haeserunt
510 1155 555 1220 ibi
579 1156 648 1221 sata
671 1158 748 1222 diu:
778 1157 973 1242 luctataque
996 1158 1141 1223 multum
1282 1159 1340 1236 645

308 1261 372 1325 hac
394 1281 470 1324 cum
494 1269 590 1344 parte
613 1261 673 1326 uiri
697 1263 757 1326 uix
779 1265 894 1328 omnia
917 1263 1069 1328 membra
1091 1263 1249 1328 tulerunt.

353 1368 433 1433 dum
457 1366 597 1430 nimium
621 1387 761 1450 pugnax
785 1369 883 1431 unius
905 1367 1004 1432 turba
1027 1367 1159 1431 carinae

310 1472 472 1538 incumbit
494 1493 601 1555 prono
624 1471 720 1536 lateri
742 1493 951 1556 uacuamque
974 1473 1131 1556 relinquit

309 1597 376 1662 qua
399 1584 489 1642 caret
511 1575 609 1640 hoste
632 1586 756 1641 ratem:
786 1588 948 1662 congesto
971 1578 1121 1662 pondere
1143 1571 1267 1660 pirppis

309 1703 406 1746 uersa
428 1701 512 1745 caua
534 1681 622 1745 texit
644 1681 784 1766 pelagus
807 1692 993 1766 nautasque
1016 1684 1147 1760 carina;
1281 1683 1343 1760 650

310 1785 465 1851 bracchia
488 1805 548 1848 nec
571 1784 663 1850 licuit
686 1795 783 1851 uasto
807 1787 931 1852 iactare
953 1787 1122 1871 profundo

311 1891 369 1956 sed
392 1889 506 1955 clauso
528 1891 654 1974 periere
677 1891 769 1957 mari.
814 1902 894 1958 tunc
918 1893 1015 1956 unica
1037 1891 1100 1956 diri

310 2003 490 2078 conspecta
512 2004 564 2059 est
585 1995 643 2061 leti
666 1995 778 2076 facies
801 2018 879 2061 cum
902 1996 988 2061 sorte
1011 2003 1186 2060 natantem

310 2100 460 2164 diuersae
483 2099 596 2164 rostris
620 2099 775 2165 iuuenem
799 2099 903 2166 fixere
926 2101 1067 2164 carinae.

311 2203 462 2270 discessit
485 2203 632 2268 medium
656 2213 727 2268 tam
751 2213 865 2270 uastos
888 2213 1005 2288 pectus
1028 2204 1071 2268 ad
1095 2202 1198 2266 ictus:
1282 2202 1342 2282 655

313 2329 373 2372 nec
396 2306 571 2392 prohibere
593 2306 710 2372 ualent
732 2309 864 2374 obtritis
886 2307 1017 2372 ossibus
1040 2314 1132 2370 artus

313 2433 380 2497 quo
404 2412 513 2476 minus
536 2431 614 2476 aera
637 2421 766 2477 sonent.
811 2411 893 2477 eliso
916 2421 1032 2476 uentre
1055 2431 1115 2495 per
1137 2430 1196 2475 ora

314 2519 434 2582 eiectat
456 2518 796 2601 saniemrpermixtus
819 2519 946 2582 uiscere
968 2517 1114 2601 sanguis.

314 2628 494 2704 postquam
518 2619 671 2685 inhibent
694 2620 793 2685 remis
815 2641 948 2704 puppes
971 2641 1011 2684 ac
1035 2627 1142 2683 rostra
1165 2617 1332 2694 recedunt,

314 2723 480 2788 deiectum
504 2724 537 2788 in
561 2724 700 2808 pelagus
723 2725 873 2810 perfosso
896 2733 1032 2808 pectore
1054 2743 1176 2807 corpus
1285 2721 1347 2785 660

315 2827 506 2892 uolneribus
529 2829 713 2893 transmisit
736 2849 849 2912 aquas,
894 2849 972 2913 pars
995 2828 1146 2892 maxima
1168 2825 1288 2890 turbae

316 2929 476 3016 naufraga
500 2932 633 2997 iactatis
656 2933 754 2998 morti
777 2933 950 2998 obluctata
973 2931 1106 2998 lacertis

261 3170 318 3234 640.
353 3169 647 3232 animae1‘liieblood’.
854 3187 926 3222 sense
937 3173 970 3222 he
981 3187 1037 3222 uses
1048 3171 1068 3222 it
1079 3172 1113 3222 de
1127 3177 1190 3222 orat.
1206 3183 1216 3220 1
1230 3171 1244 3230 ἓ
1260 3184 1305 3234 153
1320 3167 1421 3218 acma-

262 3235 319 3300 642.
354 3236 815 3303 tanta—nra1‘bysowideapath’‚
854 3246 904 3288 tato
930 3239 1041 3303 nauigio,
1066 3253 1122 3287 cum
1145 3238 1247 3300 remigrat
1265 3235 1422 3288 naitanum

229 3303 273 3353 ie.
285 3303 318 3366 by
330 3317 358 3352 so
369 3309 424 3352 vast
436 3318 451 3351 a
461 3303 563 3352 wound.
854 3305 944 3354 retinet
953 3312 1037 3354 tamen
1049 3304 1104 3368 ipsa
1115 3303 1192 3352 naua's
1203 3308 1297 3350 aratum
1307 3307 1329 3349 et
1338 3314 1422 3348 tarsun

263 3367 319 3432 644.
354 3367 477 3429 tumidus]
500 3368 613 3418 ismerel
645 3376 816 3434 acustomary
853 3385 936 3430 mum,
958 3369 1096 3419 intermisso
1112 3369 1205 3432 impetu
1221 3368 1348 3432 pulsuque
1361 3379 1421 3414 remc-

229 3433 334 3498 epithet,
348 3433 390 3482 he.
405 3433 518 3498 swelling
529 3433 590 3482 with
602 3385 645 3483 the
656 3435 692 3483 air
703 3435 813 3485 inhaled.
855 3451 934 3494 rum,·
949 3437 994 3484 but
1010 3434 1039 3484 cf.
1060 3435 1093 3484 ad
1110 3435 1164 3483 Att.
1186 3443 1242 3482 xm
1258 3433 1301 3481 xxi
1311 3433 1349 3495 53
1367 3429 1421 3478 inhi-

262 3497 318 3562 645.
354 3498 504 3564 luctataque]
534 3499 600 3548 ‘and
627 3500 690 3549 aiter
717 3516 732 3550 a
760 3517 815 3566 pro·
855 3501 984 3550 bercillnd
992 3507 1066 3549 tuum
1082 3499 1149 3565 quad
1159 3499 1232 3548 ualde
1244 3497 1309 3546 milri
1319 3496 1424 3546 arriserat

229 3565 322 3630 longed
334 3564 444 3628 struggle
455 3565 516 3614 with
527 3564 577 3614 this
588 3573 645 3630 part
656 3565 685 3615 of
693 3565 736 3616 the
747 3581 814 3626 man,
856 3567 1008 3616 uehementer
1032 3566 1146 3630 displicet.
1187 3571 1221 3614 est
1246 3563 1313 3612 enim
1336 3561 1422 3611 mian

230 3646 314 3680 scarce
335 3630 473 3680 succeeded
492 3631 520 3680 in
540 3631 654 3696 carrying
672 3632 710 3681 off
724 3631 758 3680 all
778 3631 818 3680 his
856 3638 934 3680 tatum
953 3632 1103 3680 nauticam:
1124 3645 1278 3696 quarnquam
1298 3627 1328 3676 id
1341 3627 1422 3694 quiim

230 3695 325 3746 limbs'.
856 3697 958 3746 sciebam
964 3716 974 3754 ;
1001 3698 1044 3746 sed
1063 3695 1206 3746 arbitrabar
1223 3695 1345 3743 mtinem'
1361 3706 1424 3742 renas

263 3761 320 3823 648.
349 3761 440 3826 prona]
459 3759 593 3826 ‘sloping’.
856 3779 913 3812 cum
924 3763 1035 3812 inhibere
1045 3769 1122 3811 essent
1132 3761 1197 3810 iussi
1210 3761 1321 3823 remrgrcs.
1352 3759 1378 3807 id
1384 3771 1423 3806 nor

264 3827 321 3892 649.
355 3833 460 3891 congesto
470 3826 587 3890 pandere]
606 3827 655 3892 ‘by
667 3827 709 3877 the
724 3827 818 3892 weight
856 3843 904 3878 csse
921 3828 1040 3878 eiusmodi
1055 3827 1130 3876 didici
1145 3827 1209 3882 heri,
1229 3841 1286 3874 cum
1303 3823 1337 3873 ad
1350 3823 1423 3872 naiton

232 3893 301 3958 piled
313 3893 339 3942 in
350 3907 399 3942 one
410 3891 502 3956 place'.
857 3900 966 3943 nostram
995 3893 1070 3942 nauis
1096 3892 1272 3958 appellaretur:
1299 3905 1348 3938 non
1371 3889 1424 3936 en'n

264 3958 322 4022 652.
356 3957 657 4018 unaa1⁴remarkable‘.
700 3958 732 4007 cs.
749 3958 815 4009 Vell.
856 3959 982 4008 trutinent
999 3959 1107 4008 sedatio
1126 3958 1194 4007 mado
1212 3957 1353 4020 remigum
1368 3952 1425 4002 nu

234 4025 289 4074 Pat.
310 4035 330 4072 11
350 4023 385 4072 vii
403 4022 417 4081 ἓ
438 4039 448 4072 1
472 4023 533 4072 huic
553 4025 678 4074 atrocitati
697 4024 817 4073 adr'ectum
856 4021 937 4086 ἐποχῇ
950 4025 1141 4074 remotissimum
1160 4021 1344 4072 est...inhibitio
1359 4025 1425 4068 auten

233 4090 308 4140 scelus
319 4089 432 4138 animm.
857 4090 979 4154 remigum
996 4097 1090 4138 matum
1110 4089 1182 4138 habet
1197 4095 1221 4137 et
1239 4087 1424 4136 uehementiorem

267 4153 323 4217 655.
356 4155 471 4216 discessit]
489 4155 688 4220 ‘disappeared'.
718 4155 750 4204 cf.
760 4162 819 4205 note
856 4155 954 4220 qur'dem
977 4155 1146 4220 remigatinnir
1169 4169 1260 4203 nauem
1282 4149 1426 4202 mannis

233 4235 267 4269 on
280 4231 301 4268 11
318 4233 371 4269 rar.
857 4221 892 4269 ad
930 4221 1012 4286 spina.

267 4283 322 4396 65q.
359 4285 473 4334 inhibent
494 4286 580 4348 remis]
614 4285 693 4336 ‘back
719 4283 816 4336 water’.
927 4304 947 4336 r.
980 4285 1121 4336 transmisit
1136 4283 1227 4350 aquas]
1243 4283 1293 4333 ‘let
1308 4283 1350 4332 the
1364 4289 1427 4331 water

235 4349 301 4398 Grec
338 4351 447 4410 πρύμναν
463 4349 597 4412 κρούεσθαι.
633 4352 722 4400 Cicero
739 4367 819 4400 seems
858 4350 1055 4416 flowthrough’‚
1068 4350 1268 4414 ὕδωρδιέψρησε.

236 4421 263 4462 to
277 4413 341 4462 have
352 4412 459 4476 thought
473 4423 499 4464 at
511 4431 559 4466 one
569 4418 630 4466 time
643 4415 697 4465 that
712 4417 821 4466 inhibere
890 4417 987 4479 turbae]
1007 4416 1106 4467 ‘crew’.

237 4479 312 4526 remis
328 4485 413 4527 meant
430 4485 457 4527 to
475 4495 546 4530 cease
565 4481 667 4546 rowing‚
690 4481 716 4530 in
736 4482 817 4532 which
